3942 6130
448 785 523 846 Tns
543 785 731 847 Trnnrrron
751 801 792 847 or
813 801 878 849 nus
898 785 1004 849 Lnrru
1024 786 1158 847 Accnrn
1418 787 1455 849 19

193 983 236 1044 Ν.
247 983 286 1044 A.
298 984 344 1046 VI
358 980 459 1062 (VII),
474 981 501 1059 7,
516 983 597 1045 l-4.:
607 1003 658 1046 see
671 983 770 1045 under
781 983 911 1059 Probus,
924 984 1088 1045 Annianus
1099 983 1187 1064 apud
1199 983 1344 1047 Gellium.

193 1082 235 1145 N.
250 1084 288 1145 A.
303 1084 349 1146 VI
365 1080 468 1160 (VII),
482 1081 509 1159 7,
525 1083 615 1145 5-12.

152 1182 301 1246 Addebat
310 1184 419 1259 etiem,
429 1181 797 1270 *quododpraeverbiunr
807 1193 878 1245 tum
888 1182 985 1246 ferme
995 1195 1169 1260 acueretur,
1181 1202 1254 1247 cum
1266 1183 1455 1263 significaret

152 1287 300 1360 ἐπίτασιν,
324 1300 422 1362 quam
444 1283 641 1346 intentiorem
663 1302 721 1344 nos
744 1283 886 1360 dicimus,
911 1283 993 1345 sicut
1016 1283 1139 1363 adfabre
1167 1293 1201 1346 et
1231 1283 1393 1347 ddntodum
1417 1292 1452 1347 et

151 1382 281 1461 adprobo
294 1383 451 1447 dicuntur.
494 1382 608 1445 Cetera
622 1383 749 1462 quidem
763 1385 840 1445 satis
860 1382 1023 1444 commode
1043 1384 1216 1447 Annianus.
1259 1384 1320 1446 Sed
1334 1384 1360 1447 si
1373 1383 1456 1446 hanc

152 1482 340 1562 perticulam
364 1503 496 1563 semper,
522 1502 595 1544 cum
618 1484 826 1546 intentionem
851 1481 1048 1563 significaret,
1073 1484 1144 1545 acui
1168 1485 1307 1563 putavit,
1331 1502 1396 1545 non
1421 1483 1455 1547 id

151 1592 341 1662 perpetuum
356 1583 494 1659 videtur,
510 1593 634 1645 namet
650 1583 779 1662 adpotus
795 1602 867 1644 cum
882 1582 1016 1645 dicimus
1029 1592 1064 1645 et
1080 1583 1240 1662 adprmus
1254 1593 1288 1646 et
1304 1585 1452 1663 adprime,

152 1683 288 1745 intentio
312 1684 345 1745 in
368 1682 417 1746 his
441 1681 586 1746 omnibus
610 1683 854 1760 demonstratur,
878 1702 980 1762 neque
1005 1691 1111 1744 tamen
1135 1683 1176 1745 ad
1196 1684 1354 1763 particula
1377 1684 1455 1746 satis

152 1782 316 1845 commode
333 1792 467 1845 accentu
485 1791 581 1845 acuto
599 1784 834 1863 pronuntiatur.
875 1783 1037 1863 Adprolms
1056 1792 1174 1859 tamen,
1194 1782 1280 1862 quod
1299 1782 1455 1863 significat

152 1882 235 1944 valde
254 1883 374 1962 probro,
395 1902 459 1945 non
478 1882 597 1945 infitias
616 1902 663 1961 eo,
684 1883 761 1962 quin
780 1883 883 1963 prima
902 1882 1024 1961 syllaba
1043 1882 1115 1945 acui
1134 1881 1259 1945 debeat.
1301 1882 1456 1946 Caecilius
1586 1876 1592 1886 '

152 1982 185 2043 in
199 1982 370 2060 comoedia,
385 2001 466 2062 quae
479 1982 659 2047 inscribitur
671 1982 872 2063 Triumphus,
887 1982 1042 2045 vocabulo
1054 1983 1116 2045 istc
1129 1983 1244 2053 utitur:

408 2134 568 2197 Hierocles
581 2133 693 2215 hospes
707 2137 755 2199 est
769 2134 811 2195 mi
830 2133 1013 2196 adulescens
1031 2118 1199 2213 ddprcbhs.

155 2284 243 2345 Num
263 2283 357 2364 igitur
374 2285 489 2347 inistis
510 2283 649 2362 vocibus,
673 2302 752 2364 quas
772 2303 836 2346 non
856 2285 928 2347 acui
949 2284 1093 2362 diximus,
1114 2303 1152 2347 ea
1173 2302 1268 2347 causa
1288 2293 1347 2362 est,
1369 2283 1463 2363 quod

152 2383 276 2462 syllaba
292 2384 467 2464 insequitur
484 2394 599 2448 natura
615 2385 745 2464 longior,
758 2402 839 2463 quae
851 2403 915 2446 non
931 2384 1029 2447 ferme
1045 2385 1168 2465 patitur
1183 2385 1254 2449 acu
1269 2386 1405 2465 priorem
1421 2385 1454 2446 in

152 2483 313 2547 vocabulis
337 2484 530 2563 syllabarum
554 2485 693 2565 plurium
719 2502 817 2563 quam
843 2483 995 2548 duarum?
1034 2484 1221 2564 Arpinum
1240 2493 1351 2547 autem
1370 2486 1456 2563 longe
1494 2566 1496 2569 Ι

152 2583 287 2662 primum
301 2584 337 2646 L.
352 2584 461 2648 Livius
475 2585 508 2647 in
523 2584 658 2665 Odyssia
671 2584 753 2647 dicit
763 2585 796 2663 in
808 2583 868 2646 hoc
880 2604 985 2647 versu:

422 2734 607 2814 Ibidemque
622 2736 670 2798 vir
682 2755 824 2797 summus
837 2732 999 2815 adprimus
1013 2736 1186 2799 Patroclus.

151 2884 241 2947 ruem
266 2885 374 2948 nnus
399 2886 432 2947 n
458 2885 594 2965 odyssia
618 2886 812 2966 praemium
838 2886 924 2963 dreit,
951 2887 1042 2966 quasi
1066 2872 1241 2950 mom.-
1280 2887 1451 2961 Pomm,

151 2986 264 3064 inquit,
273 2986 478 3063 proemodem,
487 2986 574 3065 quod
582 2985 737 3066 significat
746 2995 841 3066 supro
849 2986 979 3064 modum,
990 2986 1174 3066 dictumque
1181 2995 1231 3051 est
1240 2987 1331 3066 quasi
1339 2994 1456 3065 praeter

150 3085 285 3160 modum
296 3085 330 3148 in
342 3104 405 3164 quc
417 3086 535 3148 scilicet
545 3087 649 3166 prima
660 3086 782 3165 syllaba
793 3087 865 3148 acui
876 3085 1014 3148 debebit.

191 3185 241 3264 By
252 3186 348 3265 citing
356 3186 558 3266 appropriate
567 3186 735 3265 examples,
746 3185 864 3250 Gellius
872 3186 974 3249 shows
983 3186 1054 3248 that
1064 3185 1118 3248 the
1126 3185 1454 3266 prepositioncdused

150 3295 186 3346 at
205 3284 260 3346 the
280 3283 447 3365 beginning
467 3285 500 3346 ol
518 3304 538 3347 a
557 3285 643 3349 word
662 3286 689 3348 is
708 3296 765 3348 not
784 3287 971 3365 necessarily
992 3284 1144 3348 accented
1162 3285 1253 3349 when
1273 3285 1299 3348 it
1319 3283 1454 3366 significa

150 3384 277 3447 inimo
296 3381 443 3461 (increase
460 3403 495 3448 or
512 3387 735 3464 augmentando
751 3386 784 3448 in
803 3386 857 3448 the
875 3387 1020 3466 meaning
1035 3386 1070 3449 ol
1086 3405 1107 3448 a
1124 3382 1235 3461 word).
1276 3384 1453 3465 According

152 3493 186 3545 to
197 3484 438 3562 hisstatement,
449 3485 634 3549 cdwhenso
646 3486 721 3548 used
732 3504 807 3565 may
816 3505 852 3549 cr
862 3505 937 3564 may
948 3484 1299 3562 notbeaccented;but
1309 3484 1452 3549 withthe

150 3585 296 3663 question
308 3584 342 3645 of
352 3593 464 3647 necent
477 3585 531 3648 the
544 3594 662 3648 matter
673 3585 706 3647 of
717 3586 844 3649 interitio
857 3586 915 3648 has
926 3586 1060 3666 nothing
1074 3594 1108 3647 to
1120 3585 1172 3649 do.

190 3683 233 3746 N.
247 3684 286 3746 A.
299 3685 397 3761 XIII,
412 3686 441 3762 6,
458 3687 485 3748 1.

152 3783 239 3860 Quas
260 3783 371 3846 Graeci
391 3790 557 3865 προσῳδίας
576 3784 697 3862 dicunt,
716 3804 771 3847 eas
791 3795 912 3847 veteres
932 3785 1018 3847 docti
1045 3794 1115 3846 tum
1140 3793 1228 3848 notos
1247 3804 1359 3861 vocum,
1382 3794 1452 3845 tum

150 3884 378 3960 modorum,
394 3893 465 3946 tum
478 3885 728 3963 accentiunctdos,
745 3894 815 3946 turn
828 3885 1026 3947 vaccones
1038 3884 1252 3965 appellebant.

191 3983 250 4045 His
267 4003 321 4045 use
338 3983 371 4045 of
388 3983 442 4047 the
459 3984 546 4047 word
562 3985 790 4061 moderammis,
808 3985 933 4047 instead
949 3985 982 4047 ol
1000 3985 1053 4046 the
1071 3985 1201 4047 musical
1218 3994 1300 4047 term
1316 3983 1454 4047 credulo·

150 4091 250 4145 mento
267 4084 423 4163 proposed
440 4082 490 4147 ior
508 4084 572 4147 this
588 4103 720 4165 passage
739 4083 783 4164 by
801 4086 880 4148 Weil
904 4084 968 4147 and
993 4085 1149 4160 Benloew,
1167 4103 1267 4147 seems
1286 4093 1321 4146 to
1339 4081 1453 4162 justiiy

151 4183 206 4245 the
225 4184 404 4246 conclusion
424 4184 495 4246 that
513 4184 553 4246 he
572 4184 753 4248 considered
773 4184 826 4246 the
844 4185 939 4247 Latin
957 4194 1068 4247 accent
1088 4203 1146 4246 one
1165 4183 1199 4245 ol
1217 4193 1322 4259 strecs,
1341 4192 1401 4245 not
1419 4182 1452 4244 ol

151 4284 282 4346 musical
295 4292 379 4346 tone.
421 4284 486 4346 But
498 4303 549 4346 see
562 4283 682 4347 Schcell
692 4305 725 4364 p.
738 4286 787 4361 89,
799 4284 873 4346 adn.
889 4288 915 4347 l.
968 4306 970 4311 ’

192 4383 234 4444 Ν.
249 4384 286 4444 A.
301 4384 397 4459 XIII,
413 4385 452 4445 26
468 4380 560 4460 (25).:
573 4403 624 4446 see
637 4384 784 4464 Nigidius
797 4384 934 4463 Figulus.

190 4483 233 4545 N.
247 4484 286 4544 A.
300 4483 425 4559 XVIII,
443 4485 489 4560 12,
504 4485 548 4545 8.:
561 4503 612 4546 see
625 4487 734 4548 Varro.

191 4582 304 4645 Festus
316 4602 348 4662 p.
365 4583 424 4644 249
438 4583 486 4645 M.

150 4683 234 4744 Pone
250 4682 339 4763 gravi
356 4683 574 4762 sono.antiqui
597 4683 770 4746 utebantur
791 4684 910 4764 prologi
928 4672 950 4766 †
965 4664 1213 4763 significatione.¹
1243 4680 1303 4744 Sed
1322 4680 1453 4761 praeici·
1563 4749 1566 4754 ,

149 4790 239 4844 entes
271 4781 417 4845 vocabuli
458 4829 467 4845 .
510 4830 517 4845 .
560 4829 568 4845 .
611 4830 619 4845 .

1128 4924 1143 4961 Χ
