3942 6130
484 801 522 862 10
942 803 1050 881 Jmms
1070 800 1101 862 S.
1124 800 1321 863 Mchromc

483 1000 557 1062 Non
581 1019 754 1080 numquam
777 1021 862 1077 vero,
886 1001 1010 1063 etiamsi
1033 1010 1128 1062 acuto
1150 1009 1283 1063 accentu
1306 1001 1465 1079 efferatur,
1490 1001 1637 1081 optativa
1661 1022 1787 1083 quoque

483 1100 603 1179 recipit,
624 1100 712 1163 velut
732 1106 770 1162 ut
783 1101 896 1181 socios,
917 1106 954 1162 ut
974 1101 1096 1163 scribas.
1139 1099 1200 1162 Sed
1219 1099 1349 1163 interest
1369 1101 1451 1163 inter
1470 1101 1530 1163 hoc
1549 1111 1583 1164 et
1603 1101 1681 1164 illud
1701 1102 1789 1183 quod

484 1200 618 1262 diximus
632 1205 669 1262 ue
678 1202 742 1281 soc,
758 1200 843 1280 quod
857 1200 916 1261 hoc
930 1200 1129 1279 imperamus,
1145 1200 1286 1278 superius
1300 1200 1477 1263 suademus.
1518 1201 1645 1281 Recipit
1659 1222 1786 1282 quoque

484 1299 516 1361 id
541 1299 643 1379 ipsum
663 1309 758 1362 acuto
777 1310 909 1362 accentu
929 1300 1048 1362 elatum
1068 1299 1201 1376 finitiva,
1217 1301 1363 1378 quotiens
1378 1305 1528 1375 εἰρωνικῶς
1541 1301 1713 1381 accipimus
1726 1321 1785 1381 pro

483 1419 521 1461 eo
539 1400 623 1479 quod
639 1410 688 1462 est
698 1400 784 1479 apud
797 1400 931 1462 Graecos
944 1405 1000 1477 vet,
1013 1399 1057 1461 rei
1068 1398 1170 1461 iactae
1181 1399 1370 1477 adfirmatio,
1388 1401 1474 1480 quod
1490 1409 1540 1462 est
1556 1401 1642 1480 apud
1661 1400 1785 1464 Cicero·

483 1519 556 1562 nem
569 1499 615 1561 ‘ae
624 1500 859 1562 ulivetmmur
869 1500 988 1561 erraut’
1030 1498 1181 1577 Quotiens
1191 1499 1785 1579 veroreidubiaeetquasicondicionali

483 1608 623 1679 aptatur,
640 1600 750 1679 recipit
765 1610 799 1661 et
814 1599 1013 1661 Subiunctiva
1028 1599 1139 1660 eodem
1153 1610 1285 1661 accentu
1300 1599 1429 1675 elatum,
1447 1610 1483 1662 ut
1497 1600 1584 1679 apud
1599 1599 1783 1663 Ciceronem

486 1699 533 1761 ‘at
545 1707 579 1761 tu
594 1700 689 1761 Eruci
703 1707 855 1761 accusator
867 1717 943 1760 esses
956 1699 1112 1775 reducemus,
1126 1698 1156 1759 si
1167 1699 1231 1760 illu
1243 1699 1424 1778 temporibus
1443 1708 1533 1761 matres
1552 1700 1655 1775 esses',·
1666 1700 1725 1763 hoc
1736 1712 1787 1764 est

485 1800 514 1860 si
526 1817 602 1860 esses
613 1807 713 1875 maius,
727 1817 804 1860 esses
815 1799 971 1861 ridiculus.

527 1900 578 1961 No
592 1907 732 1977 attempt
746 1899 771 1960 is
785 1898 857 1961 here
872 1898 964 1960 made
980 1908 1013 1960 to
1027 1897 1198 1960 determine
1213 1897 1267 1959 the
1280 1897 1466 1978 authorship
1480 1898 1514 1959 oi
1529 1898 1582 1960 the
1596 1900 1698 1961 works
1713 1899 1785 1961 that

488 1997 568 2060 have
586 2017 673 2060 come
690 1998 781 2060 down
799 2008 833 2060 to
850 2019 887 2060 us
904 1998 1002 2060 under
1020 1997 1073 2059 the
1089 2015 1182 2059 name
1199 1997 1232 2058 oi
1248 1998 1378 2060 Probus.
1420 1999 1523 2078 Many
1539 1998 1676 2062 scholars
1693 1999 1785 2062 think

487 2097 559 2160 that
575 2097 629 2160 the
646 2097 809 2161 Catholica
825 2097 919 2159 Probi
934 2117 1013 2159 were
1027 2097 1153 2159 written
1169 2096 1213 2176 by
1228 2098 1351 2159 Marius
1367 2097 1488 2160 Plotius
1504 2098 1652 2161 Sacerdos
1657 2121 1665 2176 ;
1680 2098 1744 2160 and
1760 2100 1787 2161 it

486 2197 513 2261 is
534 2199 651 2260 certain
674 2198 745 2260 that
766 2197 820 2259 the
841 2198 993 2260 Instituta
1014 2197 1139 2259 Artium
1159 2216 1238 2259 were
1258 2197 1384 2259 written
1403 2197 1504 2260 either
1524 2198 1557 2259 in
1579 2197 1632 2260 the
1655 2197 1730 2260 time
1751 2198 1784 2260 oi

486 2297 674 2374 Diocletian‚
686 2317 720 2359 or
729 2296 811 2359 aiter
820 2296 895 2359 him.
938 2298 993 2360 See
1003 2296 1123 2359 Probus
1133 2298 1212 2359 Inst.
1223 2297 1261 2359 A.
1271 2316 1303 2376 p.
1317 2299 1383 2374 119,
1395 2298 1431 2359 25
1443 2298 1500 2360 K.:
1534 2298 1636 2360 “Sunt
1645 2297 1784 2375 nomina,

486 2415 567 2476 quae
581 2417 646 2459 rem
658 2397 782 2477 proprie
796 2397 1040 2459 communiterve
1054 2395 1242 2476 significant:
1255 2397 1388 2476 proprie,
1403 2406 1441 2459 ut
1453 2405 1532 2476 putu
1545 2399 1649 2459 Roma
1661 2397 1784 2461 Tiberis

485 2496 701 2559 Diocletianae
719 2506 752 2558 et
771 2506 874 2558 cetera
893 2496 981 2573 talia3
1000 2497 1215 2572 communiter,
1233 2505 1270 2558 ut
1286 2505 1365 2576 puta
1382 2496 1456 2558 urbs
1468 2495 1585 2559 flumen
1599 2496 1737 2559 thermae
1750 2507 1784 2559 et

486 2606 590 2659 cetera
606 2595 713 2659 talia.’'

526 2697 650 2758 Servius
662 2696 704 2758 ad
716 2697 793 2757 Aen.
807 2697 869 2771 III,
883 2697 912 2758 3.

484 2797 655 2876 Ceciditque
675 2796 834 2875 superbum
855 2796 951 2857 Ilium
972 2803 999 2857 ei
1020 2795 1117 2857 mnuu's
1138 2795 1227 2857 bunio
1242 2796 1345 2874 fumat
1371 2795 1530 2874 Neptunia
1553 2791 1655 2868 Troia]
1705 2795 1786 2858 Sane

485 2896 656 2975 quaeritur,
667 2895 823 2974 quomodo
834 2895 946 2957 dixerit
955 2895 1059 2957 cecidit
1068 2894 1216 2975 et'jumot.
1259 2894 1319 2957 Sed
1328 2904 1386 2957 aut
1394 2914 1451 2973 per
1460 2894 1619 2957 licentiam
1627 2895 1786 2975 poeticam

487 3006 611 3076 tempus
626 3015 684 3075 pro
701 3005 839 3074 tempore
855 2994 971 3075 posuit,
989 3003 1026 3056 ut
1042 2995 1213 3056 meminisse
1229 2994 1324 3057 horret
1339 2995 1476 3075 luctuque
1491 2995 1610 3075 refugit,
1627 3005 1685 3058 aut
1701 3005 1785 3057 certe

484 3106 632 3158 naturam
655 3115 756 3157 rerum
779 3095 939 3174 expressit.
980 3095 1065 3156 Nam
1087 3094 1177 3155 ruina
1199 3093 1237 3155 fit
1262 3090 1283 3169 (⁶
1308 3090 1320 3170 )
1345 3093 1442 3171 brevi,
1465 3093 1571 3157 fumus
1594 3114 1669 3156 vero
1691 3094 1785 3174 longo

484 3205 648 3275 permanet
668 3204 816 3274 tempore.
858 3195 942 3256 Nam
962 3193 1046 3273 quod
1064 3193 1110 3255 ait
1130 3192 1249 3256 Probus
1268 3193 1310 3255 ad
1329 3193 1566 3256 discernendum
1587 3204 1711 3274 tempus
1728 3193 1785 3256 cir-

486 3294 744 3357 cumflectendam
765 3294 910 3356 ultimam
930 3293 1094 3373 syllabam,
1109 3303 1146 3355 ut
1167 3292 1383 3373 intellegamus
1402 3293 1550 3370 fumavit,
1564 3313 1628 3355 non
1642 3293 1784 3373 procedit

486 3392 641 3475 [quamvis
659 3403 807 3456 accentus
826 3393 1018 3455 differentiae
1038 3411 1132 3454 causa
1151 3392 1328 3469 adhibetur,
1349 3402 1386 3455 ut
1404 3402 1481 3472 poue
1507 3393 1637 3456 verbum
1661 3393 1784 3455 nullum

485 3494 582 3556 habet
595 3487 770 3566 accentum]
786 3493 859 3573 quia
873 3496 950 3573 poni
965 3501 1090 3555 tantum
1105 3486 1256 3568 [verbum]
1271 3493 1303 3554 in
1318 3493 1430 3555 ultima
1444 3492 1542 3555 habet
1554 3502 1730 3569 accentum,
1746 3502 1783 3555 ut

485 3593 638 3673 significet
651 3600 735 3655 retro.

525 3693 688 3755 Annianus
700 3691 786 3772 apud
800 3691 934 3753 Gellium
947 3693 989 3754 N.
1003 3692 1041 3753 A.
1055 3692 1101 3754 VI
1117 3689 1217 3768 (VH),
1234 3690 1261 3768 7,
1277 3692 1344 3753 1-4.

485 3793 647 3855 Annianus
668 3800 764 3872 poeta
785 3800 909 3871 praeter
931 3791 1045 3871 ingenii
1067 3791 1273 3853 amoenitates
1296 3790 1471 3854 litterarum
1493 3811 1619 3871 quoque
1641 3802 1785 3854 veterum

484 3903 518 3954 et
537 3892 695 3954 rationum
714 3891 747 3952 in
766 3891 878 3953 litteris
897 3890 1013 3971 oppido
1033 3909 1129 3971 quam
1147 3891 1267 3970 peritus
1285 3890 1348 3954 iuit
1367 3902 1400 3953 et
1419 3891 1685 3953 sermocinabatur
1704 3891 1783 3953 mira

486 3992 624 4072 quadam
639 4001 673 4054 et
688 3991 767 4053 scita
783 3990 950 4053 suavitate.
992 3991 1025 4051 Is
1042 3990 1195 4066 ‘tuatim’
1212 3984 1467 4066 ut,‘admodum,’
1483 3991 1585 4071 prima
1599 4000 1704 4066 acuta,
1720 4009 1785 4052 non

484 4093 598 4169 media,
609 4090 837 4171 pronuntiabat
847 4100 944 4169 atque
955 4090 1001 4151 ita
1012 4099 1133 4152 veteres
1144 4090 1265 4152 locutos
1276 4089 1432 4153 censebat.
1475 4090 1784 4170 Itaqueseaudiente

484 4191 623 4255 Probum
635 4191 874 4272 grammaticum
886 4190 943 4251 hos
954 4209 1062 4252 versus
1075 4190 1106 4251 in
1120 4189 1225 4251 Plauti
1238 4189 1413 4252 Cistellaria
1428 4187 1471 4265 (v.
1487 4188 1557 4265 231)
1571 4190 1680 4270 legisse
1693 4191 1783 4252 dicit:

524 4292 636 4354 Potine
664 4301 700 4353 tu
722 4289 816 4351 homo
837 4289 969 4354 ficimus
990 4288 1090 4351 facere
1108 4288 1271 4351 strenuum
1286 4291 1301 4351 Ρ
1316 4289 1449 4352 aliorum
1467 4290 1589 4354 affatim
1609 4299 1669 4366 est,
1694 4275 1698 4375 l
1720 4291 1784 4368 Qui

483 4391 615 4468 iaciant;
635 4409 709 4452 sane
729 4389 786 4469 igo
804 4408 855 4451 me
873 4388 946 4450 nolo
965 4388 1079 4451 idrtem
1097 4388 1252 4468 perhiberi
1268 4388 1381 4465 virum,
1402 4375 1406 4472 l
1424 4408 1613 4469 causamque
1629 4408 1696 4452 esse
1713 4389 1787 4451 huic
1836 4435 1844 4447 .

484 4491 628 4553 accentui
641 4488 777 4566 dicebat,
792 4488 877 4569 quod
893 4487 1034 4550 ‘affatim’
1048 4507 1112 4549 non
1125 4497 1229 4550 essent
1242 4487 1322 4550 duae
1335 4498 1441 4568 partes
1455 4489 1615 4566 orationis,
1629 4489 1684 4552 sed
1697 4498 1784 4551 utra-

485 4611 545 4671 que
557 4609 631 4671 pars
643 4590 675 4651 in
688 4608 785 4651 unam
797 4608 907 4650 vocem
919 4587 1094 4665 coaluisset,
1108 4588 1200 4650 sicuti
1212 4589 1245 4650 in
1257 4609 1295 4649 eo
1308 4608 1443 4668 quoque,
1457 4588 1542 4668 quod
1556 4589 1782 4651 ‘exadversum’

484 4691 625 4767 dicimus,
645 4688 814 4751 secundam
833 4687 987 4767 syllabam
1006 4687 1116 4749 debere
1135 4688 1206 4749 acui
1224 4687 1434 4765 existimabat,
1454 4689 1604 4768 quoniam
1623 4707 1697 4766 una,
1716 4707 1782 4749 uon

484 4791 565 4854 duae
575 4798 679 4852 essent
688 4799 795 4869 partes
805 4788 1075 4867 orationis;atque
1086 4788 1132 4849 ita
1143 4797 1285 4866 oportere
1295 4787 1382 4868 apud
1392 4788 1574 4850 Terentium
1584 4787 1644 4868 legi
1655 4787 1782 4850 dicebat

468 4889 516 4979 'in
527 4889 576 4952 his
589 4889 729 4952 versibus
744 4884 883 4964 (Phorm.
897 4908 928 4949 v.
942 4885 1012 4963 88):
