3942 6130
432 868 506 927 ‘Ina
525 868 712 928 Innnrrron
732 883 774 929 or
793 883 859 928 ran
879 869 984 928 Lnrm
1004 867 1138 931 Accaus
1401 867 1438 930 51

177 1067 303 1129 Servius
315 1068 357 1132 ad
371 1069 449 1130 Aen.
463 1067 554 1143 VHI,
572 1068 636 1129 190.

140 1167 208 1228 194:
247 1167 461 1230 Sernilrorninis
485 1168 561 1230 Coei
579 1164 686 1248 socies]
711 1167 810 1229 Coeus
834 1167 1004 1230 secundum
1030 1166 1169 1230 fabulam
1194 1167 1327 1230 Vulcani
1356 1166 1438 1231 filius

137 1264 199 1328 luit
241 1314 248 1328 .
291 1314 299 1328 .
342 1314 349 1328 .
392 1314 399 1327 .
440 1267 563 1330 Veritas
573 1276 680 1329 tamen
690 1267 859 1331 secundum
869 1265 1042 1346 philologos
1051 1275 1084 1330 et
1093 1266 1257 1329 historicos
1265 1266 1325 1330 hoc
1341 1265 1439 1330 habet

137 1365 220 1429 hunc
231 1365 326 1430 iuisse
337 1365 478 1428 Euandri
488 1366 711 1446 nequissimum
722 1386 847 1429 servum
858 1384 896 1428 ac
907 1365 1020 1442 lurem3
1037 1367 1183 1429 novimus
1193 1376 1300 1428 autem
1317 1365 1437 1429 malum

137 1483 158 1526 a
177 1465 304 1529 Graecis
323 1465 501 1531 condidici:
520 1486 613 1545 quern
632 1466 679 1527 ita
696 1465 750 1527 illo
768 1476 909 1545 tempore
927 1466 1064 1529 Arcades
1085 1464 1300 1546 appellabant3
1325 1475 1437 1546 postea

139 1564 292 1627 translato
303 1574 437 1629 accentu
446 1566 545 1628 Cdcns
557 1566 661 1628 dictus
671 1575 729 1641 est,
741 1574 779 1626 ut
789 1565 902 1628 Helene
913 1566 1039 1627 Helenen

178 1665 303 1743 Servius
316 1666 357 1727 ad
370 1666 449 1737 Aen.
464 1666 555 1740 VIII,
569 1665 637 1727 647.

138 1766 171 1826 N
171 1785 202 1826 ec
220 1784 282 1826 non
302 1764 502 1845 Tarquinium
521 1765 642 1827 eiecirm
660 1766 817 1827 Porsenna
834 1762 961 1840 iniebat]
983 1760 1083 1840 [Sane]
1103 1766 1274 1837 Porsenna·
1291 1785 1390 1828 unum
1408 1785 1430 1825 n

137 1864 227 1926 addit
242 1865 336 1927 metri
351 1884 455 1940 causa,
472 1865 556 1927 unde
572 1873 605 1927 et
619 1863 831 1945 paenultimae
847 1866 941 1927 datus
957 1874 1105 1928 accentus
1120 1875 1177 1927 est.
1195 1866 1280 1927 Nam
1302 1866 1436 1930 Pdrseno

137 1964 241 2027 dictus
258 1973 318 2041 ean
336 1962 507 2028 Martialis:
524 1965 614 2026 Horrc
631 1972 761 2043 spectare
776 1984 901 2026 mannm
918 1965 1053 2026 Porsena
1070 1965 1255 2043 nonpotnit.

176 2064 303 2128 Servius
316 2066 358 2127 ad
370 2066 449 2127 Aen.
463 2065 506 2139 X,
520 2062 588 2125 471.

135 2164 302 2243 Sarpedon,
327 2185 395 2226 meo
425 2161 589 2244 progenies]
618 2164 794 2227 Secundum
819 2156 941 2242 Virgilii
965 2163 1218 2241 declinationem,
1244 2172 1281 2226 ut
1312 2165 1435 2227 notiam

135 2264 320 2342 Sorprdom'c
341 2265 406 2339 oili,
427 2262 622 2344 paenultima
643 2262 773 2326 habebit
793 2273 958 2326 accentum
979 2263 1013 2324 in
1034 2263 1243 2340 nominativo;
1265 2264 1434 2326 secundum

137 2363 320 2439 Homerum,
336 2365 390 2443 qui
404 2373 435 2426 et
450 2363 653 2442 Serpeddntos
667 2373 700 2426 et
713 2364 903 2442 Sarpedonos
916 2362 1004 2439 lacit,
1019 2373 1052 2426 et
1068 2362 1180 2425 ultima
1194 2373 1227 2426 et
1241 2363 1435 2443 paenultima

137 2461 269 2542 [syllaba
282 2463 379 2526 habet
391 2460 577 2539 accentuml.

179 2563 307 2625 Servius
320 2563 361 2625 ad
374 2563 452 2624 Aen.
465 2564 508 2637 X,
523 2564 590 2624 542.

135 2663 224 2724 Lecto
241 2664 327 2742 refert
343 2664 474 2726 humeris
491 2663 555 2738 lidi,
568 2682 619 2724 rex
630 2663 766 2737 Grodin,
785 2660 948 2741 tropaeum]
966 2670 1119 2741 tropaeum
1136 2661 1303 2725 declinatio
1319 2662 1435 2724 Latina

135 2770 193 2836 est,
219 2761 304 2825 unde
326 2760 521 2842 paenultima
545 2761 675 2824 habebit
698 2770 875 2837 accentum3
900 2762 933 2823 in
958 2782 1087 2825 numero
1112 2782 1187 2824 vero
1210 2761 1333 2844 plurali,
1359 2763 1434 2841 quia

136 2869 258 2940 tropaeo
274 2861 415 2938 dicimus,
433 2861 514 2924 sicut
531 2860 652 2937 Graeci,
668 2878 726 2924 nec
742 2860 860 2941 aliquid
882 2862 955 2923 inde
975 2870 1145 2937 mutamus,
1163 2861 1223 2924 erit
1238 2861 1271 2923 in
1287 2872 1434 2942 antepae·

134 2960 271 3023 nultima
282 2970 439 3037 accentus,
453 2961 535 3024 sicut
546 2961 631 3042 apud
645 2960 780 3023 Graecos
794 2957 920 3035 [scilicet
933 2960 1027 3024 tertia
1039 2960 1160 3041 syllaba
1172 2980 1192 3022 a
1204 2960 1285 3037 finel.

176 3059 302 3123 Servius
314 3062 356 3123 ad
369 3062 447 3124 Aen.
461 3063 504 3137 X,
519 3062 586 3122 668.

136 3160 265 3222 Tonion'
277 3180 325 3222 me
334 3161 459 3222 erimine
470 3161 594 3240 digmnn
605 3157 757 3235 Duxisdil
772 3161 900 3224 Tontdn’
913 3181 970 3240 pro
982 3164 1110 3236 wnwne,
1122 3170 1156 3222 et
1167 3170 1292 3223 constat
1302 3160 1432 3222 mutila-

134 3269 185 3322 tas
198 3269 305 3340 partes
319 3260 471 3322 orationis
484 3269 648 3322 accentum
662 3259 696 3320 in
710 3260 820 3322 eodem
835 3259 903 3322 loco
917 3260 1042 3336 habere,
1057 3260 1091 3321 in
1106 3279 1168 3339 quo
1183 3259 1279 3323 etiam
1294 3259 1434 3339 integrae

133 3358 322 3423 babuerunt.
363 3362 447 3422 Nam
465 3364 552 3435 μόρια
568 3359 588 3420 i.
603 3380 629 3421 e.
643 3359 778 3421 minores
794 3359 976 3439 particulae,
990 3369 1104 3441 utque,
1118 3380 1275 3437 oe,ne‚ce,
1290 3360 1434 3439 quotiens

133 3459 307 3539 iunguntur
323 3458 392 3521 aliis
407 3459 561 3539 partibus,
578 3468 654 3522 ante
669 3466 703 3521 se'
719 3469 883 3521 accentum
900 3459 1030 3535 iaciunt,
1049 3459 1227 3538 qualialibet
1243 3459 1285 3522 sit
1302 3458 1433 3539 syllaba,

61 3635 67 3645 ἱ
135 3578 217 3637 quae
231 3559 391 3638 praecedit
406 3558 472 3621 sive
486 3558 591 3621 brevis
605 3558 671 3621 sive
686 3557 791 3638 longa;
806 3569 844 3620 ut
859 3560 899 3621 M
898 3566 1020 3639 indocte,
1036 3559 1168 3635 huicine,
1184 3559 1298 3635 iildcce,
1315 3562 1434 3621 tonwne

137 3654 269 3734 [addice
287 3656 405 3734 dedice]
423 3669 456 3722 et
473 3658 550 3721 haec
566 3658 714 3721 mutilata
730 3657 871 3721 similiter
887 3659 1097 3738 proienrntur,
1115 3659 1231 3722 scilicet
1248 3658 1307 3721 sub
1323 3659 1432 3722 eodem

134 3768 276 3820 accentu.
569 3760 573 3767 '

174 3857 300 3920 Servius
312 3858 355 3920 ad
367 3859 446 3921 Aen.
460 3859 521 3934 XI,
537 3859 604 3920 263.

133 3958 256 4033 Ernst,
281 3959 429 4020 Aenioeos
453 3958 527 4020 oidit
550 3958 697 4037 Cyclopas
726 3955 839 4033 Ulixes]
870 3958 1027 4036 Cyclopas,
1055 3956 1192 4020 Graecae
1217 3957 1434 4020 declinationis

133 4056 333 4119 accusativus
353 4067 411 4134 est,
433 4058 517 4120 unde
539 4057 692 4120 Graecrnn
713 4056 844 4119 habebit
864 4066 1041 4120 accentum:
1062 4075 1134 4119 nam
1155 4057 1269 4119 Latine
1288 4058 1432 4136 Cycldpes

133 4156 264 4230 diceret;
285 4157 340 4218 sed
359 4156 404 4219 sic
423 4174 531 4220 versus
551 4166 634 4219 stare
653 4177 717 4218 non
737 4165 872 4236 poterat.

175 4255 301 4317 Servius
314 4256 356 4318 ad
368 4258 446 4318 Aen.
459 4258 521 4331 XI,
535 4257 604 4317 423.

130 4356 197 4418 Cur
218 4356 368 4417 indecores
388 4357 424 4417 in
444 4356 550 4418 limine
570 4353 679 4435 primo]
700 4356 796 4417 Dicor
817 4355 929 4417 deceris
950 4354 1037 4430 iacit,
1060 4355 1142 4418 sicut
1164 4362 1266 4417 eninr
1287 4357 1433 4427 antonin

132 4455 222 4516 deciis
240 4437 363 4531 dieorir,
383 4455 463 4517 sicut
481 4462 571 4534 picris
589 4456 712 4534 pecoris.
755 4454 901 4518 Similiter
924 4454 1002 4517 facit
1020 4455 1052 4516 in
1072 4454 1296 4535 compositione
1313 4456 1433 4516 indecor

132 4555 291 4630 indecoris,
313 4555 436 4618 indecus
457 4555 613 4616 indecoris,
656 4556 738 4634 Ergo
759 4553 793 4615 in
813 4564 925 4617 neutro
946 4575 979 4616 co
1000 4554 1104 4616 brevis
1125 4564 1183 4630 est,
1205 4554 1238 4615 in
1259 4554 1431 4616 masculino

133 4654 329 4735 producitur3
342 4654 426 4716 unde
438 4664 570 4734 apparet
583 4653 721 4735 systolen
733 4653 842 4716 iecisse
853 4653 1032 4733 Vergilium.
1073 4655 1157 4715 Nam
1170 4654 1320 4715 indecores
1333 4655 1432 4715 nomi·

132 4753 262 4815 nativus
275 4764 324 4816 est
337 4753 466 4834 pluralis
480 4772 499 4814 a
513 4753 695 4829 masculino,
710 4753 751 4815 ab
766 4774 803 4816 eo
818 4742 902 4832 duod
917 4763 965 4815 est
978 4737 1107 4815 indecbr.
1148 4754 1233 4815 Nam
1247 4773 1311 4815 non
1325 4763 1431 4833 potest

131 4855 182 4917 ln‘c
202 4853 324 4915 indecies
345 4853 458 4916 facere:
479 4863 625 4916 neutrum
645 4853 728 4915 enim
749 4874 786 4915 ns
808 4853 1010 4915 terminatum
1031 4852 1236 4915 masculinum
1257 4873 1295 4914 ex
1315 4873 1348 4914 se
1369 4866 1431 4914 non

131 4952 220 5015 iacit.
262 4954 327 5016 Aut
345 4962 428 5015 certe
446 4952 586 5015 dicamus
602 4953 752 5015 indecores
771 4953 1010 5015 declinationem
1028 4972 1095 5015 esse
1113 4953 1201 5014 cuius
1217 4952 1432 5014 nominativus

132 5050 298 5132 singularis
310 5072 374 5114 non
387 5052 554 5114 invenitur.
