3996 6146
483 785 558 848 Tne
577 788 764 849 Thnnmou
785 804 826 850 or
846 806 911 850 rna
931 789 1038 850 Lnrm
1057 787 1192 851 Accam
1450 789 1486 851 15

188 1004 238 1063 ne,
259 985 285 1048 si
303 1006 431 1067 gravem
447 990 610 1071 posuerint
628 988 807 1066 secundam,
829 988 947 1052 ‘circus'
967 988 1029 1051 dici
1048 989 1202 1066 videatur,
1221 1008 1285 1053 non
1307 989 1488 1054 ‘circuitus'z

188 1085 327 1166 itemque
347 1108 420 1152 cum
440 1090 552 1172 ‘quale'
572 1089 801 1169 interrogantes
818 1089 917 1170 gravi,
938 1099 1156 1168 comparantes
1173 1099 1269 1152 acuto
1289 1100 1396 1153 tenore
1416 1109 1489 1152 oon-

188 1184 330 1266 cludunt,
347 1191 433 1269 quod
449 1200 555 1253 tamen
573 1189 605 1250 in
621 1187 778 1251 adverbiis
793 1188 857 1250 fere
874 1188 947 1251 solis
961 1208 1000 1251 ac
1014 1189 1250 1268 pronominibus
1265 1189 1438 1266 vindicant,
1454 1190 1487 1252 in

188 1285 300 1348 ceteris
311 1300 450 1353 veterem
462 1291 562 1371 legem
574 1297 756 1369 sequuntur.
798 1288 880 1351 Mihi
894 1288 1019 1351 videtur
1031 1289 1243 1353 oondicionem
1255 1300 1389 1367 mutare,
1402 1290 1487 1370 quod

188 1383 238 1447 his
247 1384 323 1450 locis
333 1389 429 1452 verba
439 1389 665 1471 coniungimus.
706 1389 792 1450 Nam
802 1407 873 1450 cum
883 1388 953 1451 dico
962 1388 1087 1451 ‘circum
1094 1389 1207 1466 litora,'
1216 1398 1380 1470 tamquam
1389 1410 1487 1453 unum

188 1486 319 1549 enuntio
329 1489 524 1553 dissimulata
534 1489 745 1565 distinctione,
756 1489 863 1569 itaque
874 1498 1037 1567 tamquam
1047 1489 1079 1551 in
1090 1506 1154 1551 una
1163 1509 1239 1552 vooe
1250 1508 1313 1551 una
1322 1498 1371 1553 est
1380 1500 1486 1568 acuta,

188 1585 274 1664 quod
290 1586 373 1651 idem
387 1590 503 1653 accidit
517 1590 551 1653 in
565 1589 619 1652 illo

615 1688 726 1750 Troiae
738 1687 793 1767 qui
802 1688 923 1767 primus
935 1687 975 1752 ab
987 1688 1058 1752 bris.

188 1784 315 1864 Evenit,
329 1797 366 1850 ut
378 1789 470 1852 metri
481 1807 607 1869 quoque
619 1787 760 1849 condicio
772 1797 874 1849 mutet
886 1797 1062 1866 accentum,

598 1886 734 1968 pecudes
745 1888 912 1967 pictaeque
926 1888 1080 1950 volucres:

186 2001 262 2046 nam
276 1985 437 2050 ‘volucres'
450 1988 554 2051 media
566 1996 662 2051 acuta
674 1988 785 2067 legam,
798 1989 881 2067 quia,
893 1988 953 2050 etsi
963 1997 1078 2050 natura
1089 1986 1203 2064 brevis,
1215 1997 1322 2049 tamen
1331 1988 1487 2067 positione

186 2083 280 2164 longa
296 2096 355 2164 est,
373 2107 413 2149 ne
429 2087 526 2152 faciat
548 2087 699 2164 iambum,
717 2107 811 2167 quem
830 2106 895 2149 non
915 2089 1026 2168 recipit
1046 2107 1155 2150 versus
1171 2087 1294 2150 herous.
1335 2089 1487 2167 Separata

186 2204 262 2248 vero
281 2184 358 2249 haec
376 2206 396 2249 a
413 2198 582 2268 praecepto
600 2207 665 2249 non
684 2187 840 2264 recedent,
859 2198 916 2250 aut
934 2189 960 2250 si
978 2186 1172 2250 consuetudo
1190 2188 1312 2264 vicerit,
1330 2197 1422 2250 vetus
1437 2188 1487 2251 lex

186 2287 337 2349 sermonis
353 2287 541 2351 abolebitur.

228 2385 283 2447 See
297 2386 466 2449 Palaemon
478 2387 565 2468 apud
578 2387 755 2451 Charisium
766 2407 799 2467 p.
816 2387 882 2463 189,
899 2390 935 2449 10
949 2389 980 2448 K
996 2384 1101 2467 (given
1112 2385 1240 2464 above).

186 2484 346 2565 Probably
359 2485 528 2549 Palaemon
548 2486 728 2550 considered
741 2486 794 2549 the
812 2488 1004 2567 preposition
1024 2497 1159 2566 oxytone
1173 2487 1304 2550 because
1318 2487 1356 2549 he
1369 2486 1487 2551 wished

186 2594 222 2646 to
236 2584 425 2666 distinguish
439 2589 465 2650 it
480 2590 513 2651 in
527 2588 768 2668 pronunciation
783 2587 866 2649 from
880 2587 934 2649 the
949 2585 1078 2649 adverb.
1120 2588 1210 2650 Since
1226 2587 1280 2649 the
1293 2589 1486 2667 preposition

186 2702 251 2747 was
262 2687 338 2765 only
348 2705 390 2749 an
401 2687 521 2751 adverb
534 2688 611 2751 with
621 2706 641 2749 a
653 2688 768 2767 special
780 2707 844 2763 use,
858 2687 897 2748 he
910 2686 1045 2765 thought
1058 2686 1130 2749 that
1142 2687 1196 2750 the
1213 2687 1332 2750 adverb
1345 2687 1486 2750 retained

187 2783 242 2846 the
253 2787 374 2864 regular
386 2789 488 2851 initial
498 2797 619 2865 acuent,
631 2788 721 2850 while
735 2786 787 2849 the
798 2788 1001 2867 preposition‚
1014 2786 1106 2866 being
1118 2786 1151 2848 of
1162 2787 1242 2850 later
1254 2786 1485 2867 development,

187 2903 252 2947 was
263 2886 398 2950 affected
412 2887 457 2967 by
470 2889 534 2951 this
546 2888 709 2951 accentual
723 2887 851 2967 change.

226 2986 439 3063 Quintilianus
451 2989 532 3050 Inst.
546 2988 599 3053 Or.
613 2989 640 3065 1,
655 2989 683 3064 5,
697 2989 749 3063 30;
762 2988 810 3049 31.

185 3085 333 3166 Namque
348 3088 381 3149 in
396 3089 481 3150 omni
497 3107 573 3150 vooe
587 3097 682 3149 acuta
697 3088 781 3150 intra
795 3106 961 3149 numerum
977 3088 1072 3148 trium
1089 3086 1280 3165 syllabarum
1296 3087 1485 3162 continetur,

185 3184 251 3246 sive
268 3204 324 3247 eae
342 3197 416 3249 sunt
434 3188 466 3250 in
483 3187 581 3250 verbo
598 3189 682 3249 solae
699 3189 765 3249 sive
782 3187 922 3263 ultimae,
940 3196 973 3248 et
990 3188 1023 3248 in
1041 3187 1078 3248 iis
1094 3195 1153 3248 aut
1168 3188 1310 3266 proxima
1327 3196 1485 3249 extremae

185 3294 243 3346 aut
262 3285 303 3348 ab
320 3306 357 3349 ea
375 3287 479 3350 tertia.
520 3287 630 3350 Trium
647 3308 750 3367 porro,
766 3286 806 3349 de
824 3286 939 3368 quibus
955 3287 1076 3367 loquor,
1094 3286 1199 3348 media
1215 3286 1308 3366 longa
1320 3297 1377 3349 aut
1390 3297 1486 3350 acuta

184 3396 243 3447 aut
264 3384 344 3447 flexa
362 3374 431 3464 erit,
450 3387 561 3449 eodem
579 3387 647 3449 loeo
666 3387 779 3481 brevis·
788 3388 897 3466 utique
915 3405 1044 3466 gravem
1062 3385 1192 3449 habebit
1210 3405 1333 3463 sonum,
1352 3385 1485 3466 ideoque

183 3485 323 3563 positam
336 3497 411 3549 ante
426 3507 469 3563 se,
485 3487 517 3549 id
531 3497 580 3550 est
594 3486 636 3549 ab
651 3487 763 3549 ultima
779 3488 905 3549 tertiam
919 3495 1022 3548 acuet.
1064 3488 1123 3549 Est
1136 3496 1245 3549 autem
1259 3487 1292 3548 in
1307 3487 1393 3548 omni
1408 3506 1486 3549 voce

185 3585 295 3665 utique
317 3594 423 3662 acuta,
447 3588 501 3649 sed
523 3605 698 3667 numquam
718 3588 791 3667 plus
812 3605 876 3648 una
898 3606 956 3648 nec
978 3604 1130 3667 umquam
1153 3587 1274 3664 ultima,
1298 3585 1430 3666 ideoque
1452 3587 1485 3649 in

184 3684 347 3763 disyllabis
357 3687 451 3765 prior.
493 3689 658 3749 Praeterea
669 3705 844 3766 numquam
855 3688 888 3749 in
899 3686 1010 3749 eadem
1021 3685 1102 3748 flexa
1112 3696 1145 3748 et
1157 3696 1252 3748 acuta
1265 3683 1363 3767 [quiin
1374 3686 1486 3749 eadem

184 3783 264 3846 flexa
276 3795 309 3848 et
321 3781 440 3860 acuta]:
453 3787 560 3867 itaque
572 3797 685 3849 neutra
698 3787 823 3849 claudet
836 3806 946 3849 vocem
957 3786 1116 3848 Latinam.
1157 3788 1205 3848 Ea
1217 3806 1303 3864 vero,
1316 3805 1397 3866 quae
1410 3798 1485 3850 sunt

184 3884 324 3963 syllabae
338 3887 439 3963 unius,
453 3898 546 3949 erunt
558 3895 654 3948 acuta
666 3897 724 3949 aut
737 3886 826 3962 flexa,
839 3907 879 3949 ne
893 3887 934 3949 sit
947 3886 1053 3966 aliqua
1066 3904 1128 3947 vox
1140 3887 1207 3948 sine
1219 3896 1325 3948 acuta.

226 3986 262 4046 In
280 3985 344 4047 this
358 4004 500 4066 passage,
516 3987 691 4066 Quintilian
706 3987 826 4049 follows
842 3986 952 4051 Cioero
968 3986 1092 4066 closely,
1109 4004 1144 4048 as
1160 3986 1200 4048 he
1214 3986 1394 4066 frequently
1410 3986 1486 4049 does

185 4085 217 4146 in
231 4096 362 4150 matters
375 4086 408 4148 of
419 4096 531 4149 accent
542 4088 607 4149 and
619 4086 758 4165 rhythm.
801 4086 851 4149 Cf.
867 4087 985 4162 Cicero,
999 4086 1123 4162 Orator,
1136 4087 1261 4162 XVHI,
1276 4087 1324 4148 58.

224 4186 436 4263 Quintilianus
449 4187 529 4248 Inst.
544 4187 598 4252 Or.
613 4187 640 4262 I,
655 4188 683 4263 5,
698 4189 738 4249 60
751 4187 784 4249 ff.

184 4284 378 4361 Quinetiam
391 4286 500 4349 laudet
516 4283 571 4361 (sc.
585 4288 809 4367 grammaticus
823 4297 965 4349 veterum
978 4283 1115 4360 amator)
1131 4286 1283 4348 virtutem
1295 4305 1414 4362 eorum,
1429 4286 1485 4366 qui

183 4386 395 4461 potentiorem
409 4385 511 4448 faoere
526 4387 665 4466 linguam
679 4387 828 4449 Latinam
843 4385 1015 4449 studebant
1030 4405 1088 4447 nec
1102 4385 1211 4448 alienis
1225 4404 1313 4465 egere
1329 4386 1485 4449 institutis

183 4482 381 4546 fatebantur:
400 4485 472 4548 inde
493 4486 678 4548 ‘Castorem'
698 4487 802 4549 media
821 4486 941 4566 syllaba
960 4486 1115 4566 producta
1133 4486 1390 4565 pronuntiarunt,
1411 4485 1485 4564 quia

184 4582 243 4644 hoc
257 4585 402 4647 omnibus
414 4587 530 4647 nostris
542 4586 722 4648 nominibus
734 4586 908 4663 accidebat,
922 4606 1056 4666 quorum
1068 4587 1170 4666 prima
1182 4585 1299 4665 positio
1312 4586 1344 4647 in
1357 4586 1484 4647 easdem

184 4701 264 4761 quas
281 4684 415 4746 ‘Castor’
431 4685 552 4747 litteras
566 4687 640 4761 exit,
656 4696 689 4747 et
704 4696 741 4749 ut
757 4686 924 4748 ‘Palaemo'
939 4705 978 4749 ac
993 4686 1143 4748 ‘Telamo'
1158 4695 1191 4747 et
1208 4685 1320 4747 ‘Plato'
1339 4682 1426 4760 (nam
1441 4685 1485 4747 sic

183 4801 257 4844 eum
274 4784 383 4846 Cicero
400 4805 524 4864 quoque
541 4783 694 4866 appellat)
713 4787 889 4848 dioerentur
905 4788 1112 4862 retinuerunt,
1130 4786 1204 4865 quia
1221 4786 1382 4861 Latinum,
1399 4784 1485 4864 quod

183 4903 201 4944 o
224 4893 257 4945 et
282 4904 304 4945 n
328 4884 441 4946 litteris
464 4885 615 4963 finiretur,
640 4906 704 4949 non
727 4885 923 4966 reperiebant
966 4934 973 4948 .
1016 4933 1024 4948 .
1067 4933 1074 4948 .
1117 4932 1125 4948 .
1166 4884 1244 4946 Inde
1271 4884 1427 4964 ‘Olympo'
1452 4894 1486 4946 et
