3942 6130
459 792 534 852 Tira
553 792 803 889 annrrrouxor
822 808 888 853 nna
908 793 1012 854 Lerni
1032 793 1166 854 Accaus
1425 793 1463 855 79

203 986 353 1054 Alcuinus
376 1012 408 1073 p.
435 993 513 1054 2139
537 993 573 1055 P.
1162 1066 1171 1070 ι

163 1091 336 1153 Derivatur
355 1091 398 1154 ab
420 1091 497 1171 ‘ab',
521 1091 669 1172 ‘absque’.
711 1094 797 1155 Nam
817 1092 909 1172 ‘que',
920 1092 1049 1172 quando
1070 1092 1134 1154 vim
1152 1102 1186 1154 et
1204 1090 1462 1173 significationem

162 1191 390 1254 ooniunctionis
415 1210 478 1253 non
505 1191 612 1268 habet,
638 1190 760 1272 syllaba
784 1201 842 1269 est,
868 1211 933 1253 non
957 1192 1032 1289 pars<
1057 1192 1217 1269 orationis,
1244 1194 1403 1272 quomodo
1428 1193 1461 1255 in

162 1291 312 1371 ‘ubique’‚
340 1291 509 1371 ‘undique',
537 1292 702 1372 ‘denique’,
730 1292 869 1372 itaque,
892 1292 1033 1371 ‘utique’‚
1057 1292 1219 1371 ‘uterque',
1243 1285 1460 1373 ‘plerumque';

161 1401 196 1454 et
218 1391 288 1453 ideo
310 1401 476 1454 accentum
496 1410 560 1453 non
583 1401 720 1454 mutant.

162 1491 214 1554 Ci.
232 1491 382 1554 Alcuinus
397 1510 429 1572 p.
449 1493 529 1554 2104
544 1493 594 1569 Ρ.;
614 1488 809 1569 [Priscianus]
827 1491 866 1553 de
883 1509 947 1554 acc.
965 1493 1005 1553 46
1021 1512 1053 1571 p.
1074 1492 1142 1569 528,
1163 1493 1199 1553 19
1218 1493 1260 1553 K.

202 1591 352 1653 Aicuinus
368 1611 401 1672 p.
422 1592 500 1653 2140
518 1592 552 1654 P.

160 1681 244 1752 ‘Pro’
288 1738 295 1752 .
340 1738 347 1752 .
393 1737 400 1753 .
445 1739 452 1753 .
495 1690 878 1793 efflprohinteriectione
887 1691 1049 1770 accipitur,
1057 1702 1093 1753 ut
1102 1690 1324 1772 ‘prodolor',et
1333 1691 1464 1754 circum·

160 1788 299 1852 flectitur
323 1787 375 1867 (cf.
398 1791 485 1853 Beda
507 1791 546 1853 de
567 1791 649 1854 orth.
671 1811 704 1872 p.
727 1792 804 1853 2342
818 1788 868 1867 P.)
914 1838 921 1851 .
967 1838 974 1852 .
1019 1838 1026 1852 .
1069 1838 1076 1851 .
1121 1792 1224 1854 ‘Cum’
1238 1810 1364 1871 quoque
1376 1801 1464 1871 post·

159 1890 290 1969 ponitur
306 1889 496 1970 quibusdam
511 1890 758 1972 pronominibus,
776 1891 950 1971 euphoniae
968 1909 1071 1968 causa,
1089 1900 1127 1953 ut
1151 1890 1305 1967 ‘micum',
1325 1892 1462 1969 ‘ticum’,

161 1990 299 2064 ‘secum',
315 1989 509 2066 ‘nobiseum
525 1990 719 2069 ‘vobiscum',
734 2000 767 2053 et
789 1987 1058 2071 [antelpenultima
1077 1992 1111 2052 in
1130 1991 1179 2053 his
1192 1990 1344 2053 elevatur.
1385 1991 1464 2054 Aliis

159 2090 338 2169 postposita
353 2091 502 2168 acuitur,
527 2101 565 2154 ut
591 2090 759 2171 ‘quocum’,
786 2090 953 2171 ‘quacum',
987 2090 1145 2170 ‘quicdm',
1172 2090 1379 2170 ‘quibuscum’
1409 2088 1461 2167 (ci.

160 2190 338 2252 Priscianus
351 2192 442 2267 XIV,
456 2189 495 2252 47
505 2211 538 2271 p.
552 2193 600 2268 51,
617 2191 633 2252 7
648 2188 706 2267 H).
752 2239 758 2251 .
804 2239 811 2252 .
856 2239 864 2253 .
909 2239 916 2253 .
960 2192 1002 2254 Et
1014 2191 1290 2270 ‘sine'anteposita
1300 2201 1460 2270 gravatur,

159 2298 199 2351 ut
216 2289 292 2352 ‘sine
308 2290 441 2367 timore’,
457 2292 635 2370 postposita
650 2291 784 2368 acuitur,
802 2290 957 2371 Virgilius,
976 2291 1020 2355 ‘Si
1036 2290 1102 2353 sine
1116 2309 1194 2371 pace
1211 2291 1279 2354 tua'
1304 2287 1357 2366 (ef.
1380 2290 1462 2354 Cen·

159 2389 283 2452 surinus
298 2390 384 2469 apud
401 2390 595 2453 Priscianum
610 2392 701 2467 XIV,
718 2393 757 2452 49
773 2411 805 2471 p.
824 2392 873 2467 52,
893 2392 930 2452 19
946 2392 991 2468 Η;
1014 2390 1078 2452 and
1098 2400 1173 2453 note
1189 2390 1245 2453 the
1261 2389 1459 2453 inexcusable

158 2508 245 2551 error
261 2489 294 2551 oi
311 2490 402 2567 Saxo,
420 2489 521 2553 which
537 2490 651 2553 Aicuin
668 2490 724 2553 has
741 2490 871 2554 allowed
888 2502 923 2553 to
940 2509 1014 2571 pass
1030 2491 1199 2553 unnotioed
1216 2490 1260 2570 by
1278 2488 1459 2570 Magister).

76 2643 80 2649 .
200 2589 351 2652 Alcuinus
367 2610 399 2671 p.
419 2591 496 2652 2142
514 2591 550 2652 P.
1167 2608 1170 2615 ’

160 2689 197 2750 F.
218 2688 302 2768 Quid
322 2689 361 2751 de
380 2689 562 2753 accentibus
581 2709 691 2752 earum
714 2686 768 2765 (sc.
790 2687 1055 2766 interiectionum)
1078 2690 1171 2752 dieis?
1214 2690 1244 2752 S.
1263 2689 1345 2770 Quid
1363 2689 1460 2767 aliud,

158 2788 218 2851 nisi
233 2788 319 2868 quod
338 2790 458 2867 inoerti,
475 2800 509 2853 et
525 2808 582 2870 pro
599 2790 732 2852 aflectus
748 2790 902 2869 qualitate
919 2790 1041 2870 longius
1058 2790 1108 2852 vel
1125 2789 1260 2867 brevius,
1273 2790 1398 2852 acutius
1411 2788 1460 2852 vel

157 2888 286 2968 gravius
307 2889 470 2952 incondita
491 2910 568 2953 voce
590 2889 809 2970 proferuntur?

200 2976 321 3051 Paulus
339 3009 371 3070 p.
399 2990 436 3051 19
460 2991 507 3052 Μ.

156 3087 244 3150 Adeo
263 3088 343 3151 duas
363 3088 460 3151 habet
482 3089 731 3170 significationes.
774 3091 859 3152 Nam
880 3109 978 3169 quum
995 3090 1097 3168 prima
1113 3098 1208 3151 acuta
1220 3089 1360 3165 effertur,
1377 3089 1461 3151 idem

31 3205 36 3214 ·
76 3219 132 3251 nu:
157 3187 324 3267 significat,
346 3188 431 3268 quod
452 3190 565 3266 accedo,
588 3200 624 3252 ut
645 3209 745 3269 quum
764 3190 910 3252 dicimus:
927 3190 999 3252 rideo
1016 3197 1188 3269 prandent.
1230 3190 1337 3268 Quum
1353 3198 1461 3251 autem

157 3288 307 3365 secunda,
327 3288 412 3350 idem
431 3288 518 3369 quod
537 3309 631 3371 usque
652 3310 693 3366 eo,
714 3307 782 3356 non
799 3289 927 3369 quidem
948 3289 1120 3351 secundum
1140 3289 1304 3381 rationem,
1326 3289 1401 3367 quia
1422 3289 1462 3351 od

155 3388 348 3467 praepositio
370 3389 559 3451 accusativis
580 3389 820 3452 accommodata
841 3400 900 3465 est,
924 3389 977 3451 sed
1001 3398 1130 3452 vetusta
1151 3388 1290 3468 quadam
1313 3387 1460 3468 loquendi

156 3488 393 3551 consuetudine.

199 3588 315 3650 Paulus
336 3608 369 3667 p.
395 3590 433 3650 82
458 3589 506 3650 Μ.

66 3701 75 3719 ·
154 3687 237 3765 Ergo
249 3697 427 3767 correptum
439 3687 594 3767 signifieat
605 3688 699 3765 idem,
713 3688 798 3767 quod
810 3688 896 3767 apud
909 3688 1045 3752 Graecos
1061 3684 1176 3765 οὐκοῦνς
1194 3687 1347 3768 producte
1365 3687 1460 3763 idem,

155 3787 243 3866 quod
268 3790 367 3864 χάριν,
391 3787 450 3850 hoc
478 3798 527 3850 est
550 3789 657 3867 gratia,
681 3808 780 3867 quum
803 3788 920 3850 scilicet
942 3788 1040 3867 gratia
1062 3787 1253 3867 intellegitur
1275 3807 1332 3867 pro
1356 3807 1459 3850 causa.

154 3887 217 3950 Sed
231 3886 308 3949 iilud
323 3888 463 3967 superius
476 3888 574 3950 etiam
588 3888 653 3950 sine
666 3888 815 3968 exemplis
827 3898 941 3950 notum
954 3898 1015 3964 est;
1029 3887 1090 3949 hoc
1103 3887 1232 3950 inferius
1242 3888 1286 3950 sic
1295 3887 1461 3964 formatur,

154 4006 256 4066 quum
273 3987 405 4061 dicimus
423 3987 461 4050 de
479 3989 598 4067 aliquo:
616 3996 716 4050 statua
732 3988 861 4055 donam
878 3996 920 4050 est
937 3987 1059 4050 honoris
1076 3987 1249 4068 virtutimua
1266 4007 1342 4066 ergo,
1360 3987 1393 4048 id
1411 3998 1459 4049 est

154 4087 278 4149 honoris
296 4087 470 4169 virtutisque
488 4107 590 4150 cama.

196 4186 313 4248 Paulus
332 4207 364 4267 p.
388 4189 446 4249 248
468 4189 516 4250 Μ.
626 4195 629 4199 ’

156 4287 239 4349 Pone
254 4286 344 4366 gravi
360 4305 436 4350 sono
452 4288 580 4365 ponitur
596 4307 653 4367 pro
670 4287 727 4350 loci
746 4286 979 4367 significatione.

199 4386 315 4448 Paulus
334 4407 366 4466 p.
390 4388 449 4450 259
469 4387 518 4449 Μ.

155 4487 285 4566 Qraando
308 4506 406 4565 quum
429 4488 516 4566 gravi
539 4506 614 4548 voce
637 4487 870 4566 pronuntiatur,
894 4485 1049 4565 significat
1072 4486 1159 4567 quod,
1182 4485 1336 4566 quoniam,
1354 4495 1386 4548 et
1405 4495 1455 4547 est

156 4586 348 4661 coniunctim
367 4587 486 4667 picando
504 4597 598 4649 acuto
616 4596 757 4665 accentu,
777 4595 826 4648 est
844 4587 994 4665 temporis
1012 4584 1207 4647 adverbium.

199 4685 277 4747 Cod.
302 4686 395 4748 Bern.
421 4684 477 4748 207
504 4683 596 4759 (saec.
621 4682 751 4761 lii-X).

156 4786 192 4847 F.
213 4784 315 4846 2217·
333 4786 533 4848 continentur
550 4787 671 4848 Donati
688 4786 814 4865 scripta.
835 4786 884 4848 cf.
904 4785 1020 4847 Anecd.
1040 4783 1166 4846 Helvet.
1185 4803 1217 4862 p.
1235 4784 1333 4845 XVII
1351 4785 1393 4845 H.
