3942 6130
488 732 490 737 ’
514 746 553 807 58
972 744 1080 822 Jarms
1100 745 1130 806 S.
1153 743 1351 804 McLarroua

517 952 569 1006 tus
587 963 682 1005 sonus
701 943 740 1006 de
758 943 867 1022 primis
886 942 1014 1023 syllabis
1032 943 1066 1004 in
1083 951 1268 1022 postremas,
1287 950 1411 1021 praeter
1429 940 1600 1020 particulas
1619 938 1819 1014 coniunctas,

516 1062 648 1122 quarum
659 1043 719 1105 hoc
727 1043 889 1123 proprium
900 1053 948 1105 est
958 1062 1067 1105 acuere
1076 1050 1183 1121 partes
1189 1051 1343 1104 extremas
1349 1060 1461 1104 vocum
1469 1040 1817 1120 quibusadiunguntur.

556 1142 736 1206 Martianus
750 1142 878 1222 Capella
893 1144 944 1204 III
956 1162 988 1222 p.
1003 1144 1053 1218 68,
1069 1144 1083 1203 1
1099 1143 1191 1220 Eyss.

516 1242 635 1305 Graeca
655 1243 792 1319 nomina,
803 1262 875 1304 cum
895 1243 928 1303 in
948 1241 1096 1304 Latinum
1117 1248 1294 1315 vertuntur,
1315 1250 1422 1303 nostra
1442 1239 1547 1320 regula
1566 1239 1819 1320 pronuntiantia

514 1342 576 1404 nisi
592 1351 743 1405 maneant
763 1342 892 1405 Graeca.
932 1342 1080 1421 Olympus
1099 1340 1194 1420 igitur
1214 1350 1247 1402 et
1265 1341 1422 1403 Caucasus
1442 1339 1487 1402 sic
1506 1348 1544 1402 ut
1569 1338 1684 1401 Latina
1709 1339 1817 1418 prole·

515 1451 636 1517 runtur,
648 1462 743 1521 quam
755 1461 865 1504 acuere
875 1441 925 1505 vel
935 1442 1058 1504 flectere
1068 1440 1204 1503 debeant
1214 1440 1383 1502 secundum
1394 1439 1548 1502 rationem
1558 1458 1652 1518 supra
1662 1438 1816 1518 scriptam

514 1553 655 1622 apparet.
698 1542 758 1604 Sed
775 1542 801 1603 si
817 1552 947 1604 manent
964 1541 1084 1604 Graeca
1101 1552 1133 1602 et
1150 1539 1223 1602 huic
1240 1539 1363 1618 regulae
1379 1539 1410 1601 in
1428 1538 1598 1619 peregrinis
1614 1538 1745 1600 vocibus
1762 1557 1816 1600 ac·

514 1642 662 1717 dedimus,
669 1659 792 1705 neeesse
800 1650 849 1704 est
860 1650 966 1704 tamen
977 1641 1010 1703 in
1020 1640 1154 1719 obliquis
1165 1639 1287 1701 casibus
1298 1648 1407 1701 acutos
1418 1658 1510 1701 sonos
1520 1639 1554 1700 in
1563 1638 1674 1700 mediis
1684 1637 1817 1717 syllabis

514 1751 650 1817 servent,
671 1741 818 1820 quoniam
838 1742 924 1821 apud
944 1740 1079 1803 Graecos
1099 1759 1223 1819 quoque
1242 1759 1307 1801 uon
1326 1738 1388 1801 alio
1407 1748 1539 1801 accentu
1558 1738 1636 1800 haec
1654 1737 1817 1800 enuntiari

514 1841 669 1904 abdimus.

553 1943 673 2003 Acutus
686 1950 833 2003 accentus
844 1948 975 2002 notatur
987 1939 1108 2019 virgula
1120 1958 1140 2000 a
1152 1939 1278 2000 sinistra
1290 1947 1381 2018 parte
1393 1938 1428 1999 in
1440 1937 1600 2000 dexteram
1613 1937 1815 2012 ascendente,

513 2041 617 2119 gravis
630 2050 737 2102 autem
751 2060 770 2102 a
784 2040 910 2102 sinistra
923 2040 964 2102 ad
977 2040 1137 2102 dexteram
1150 2038 1348 2100 descendens.
1390 2036 1500 2100 Inflexi
1513 2038 1636 2116 signum
1649 2046 1698 2099 est
1711 2037 1816 2115 sigma

514 2160 606 2221 super
629 2140 713 2221 ipsas
736 2140 858 2203 litteras
881 2140 1043 2202 devaum.
1084 2139 1240 2202 Accentus
1262 2138 1379 2217 partim
1403 2136 1530 2217 fastigia
1552 2156 1703 2199 vocamus
1726 2136 1815 2214 quod

513 2239 688 2302 litterarum
704 2239 860 2319 capitibus
875 2248 1084 2319 apponantur,
1099 2237 1215 2318 partim
1231 2236 1393 2299 cacumina
1408 2246 1500 2299 tonos
1515 2237 1566 2299 vel
1580 2255 1683 2312 sonos,
1700 2236 1814 2298 Graeci

514 2346 688 2419 προσῳδίας.
731 2339 895 2402 Sciendum
915 2338 1010 2402 etiam
1029 2338 1084 2400 uni
1103 2336 1257 2400 vocabulo
1275 2321 1421 2399 accedere
1446 2355 1555 2399 omnes
1580 2346 1644 2398 tres
1662 2345 1815 2417 accentus

513 2459 605 2520 posse
623 2451 660 2502 ut
678 2448 726 2502 est
744 2427 919 2519 Argiletum.

553 2540 734 2602 Martianus
748 2538 877 2619 Capella
890 2539 942 2600 111
954 2559 987 2619 p.
1002 2540 1051 2613 68,
1066 2539 1106 2599 22
1117 2537 1207 2617 Eyss.

512 2640 621 2720 Longa
630 2648 737 2703 autem
747 2639 871 2701 duobus
878 2638 981 2701 modis
990 2637 1122 2700 efficitur
1130 2646 1245 2698 natura
1255 2645 1288 2698 et
1296 2635 1600 2715 positione3natura,
1610 2654 1683 2696 cum
1694 2633 1815 2698 vocalis

512 2739 696 2819 producitur
711 2748 769 2800 aut
791 2757 862 2800 cum
879 2736 1000 2818 syllaba
1017 2737 1245 2800 circumflexum
1262 2745 1425 2798 accentum
1444 2744 1531 2798 tenet
1549 2730 1608 2808 [vel
1625 2743 1755 2797 acutum
1777 2734 1811 2797 in

512 2857 613 2919 paene
631 2836 764 2914 ultima]‚
785 2848 842 2900 aut
862 2858 932 2901 cum
954 2836 1169 2916 monosyllaba
1190 2832 1263 2910 [una
1284 2854 1425 2914 quaeque
1444 2834 1562 2896 vocalis
1581 2831 1640 2910 estl
1661 2843 1719 2896 aut
1739 2853 1811 2896 cum

513 2938 708 3019 diphthonga
724 2938 897 3017 repperitur
912 2937 963 3001 vel
978 2957 1049 2999 cum
1064 2936 1167 3017 prima
1183 2934 1303 3015 syllaba
1319 2935 1378 2997 sub
1393 2933 1456 2997 alia
1470 2934 1574 2996 torma
1588 2933 1813 3014 cuiuscumque

438 3078 441 3085 «
512 3037 601 3102 verbi
617 3037 791 3118 composita
806 3057 864 3100 nec
879 3036 1020 3099 vooelem
1037 3056 1095 3099 nec
1110 3054 1242 3097 acumen
1257 3043 1373 3097 mutat.

553 3137 722 3201 Cledonius
733 3158 766 3218 p.
781 3138 831 3212 31,
845 3139 883 3232 29
897 3139 938 3198 K.

514 3240 669 3300 Accentus
687 3237 801 3299 dicitur
818 3236 957 3317 partium
975 3221 1134 3298 orationis.
1175 3233 1258 3311 Quid
1282 3233 1378 3313 igitur
1395 3242 1543 3295 accentus
1560 3233 1726 3295 dicuntur?
1766 3233 1812 3294 Et

515 3337 582 3400 toni
599 3338 745 3400 dicuntur
763 3346 795 3399 et
814 3346 945 3399 tenores
985 3336 1106 3398 Acutus
1124 3333 1179 3413 qui
1196 3333 1309 3396 cursim
1326 3331 1493 3413 profertur,
1510 3341 1549 3394 ut
1566 3339 1662 3407 mma,
1680 3350 1810 3394 excusso

511 3437 594 3499 enim
603 3456 681 3500 sono
689 3437 855 3499 dicendum
864 3434 1147 3512 est3circumflexus
1155 3433 1209 3512 qui
1218 3432 1402 3508 tractim‚ut
1410 3434 1520 3505 Roma·
1528 3432 1632 3512 gravis
1640 3431 1695 3510 qui
1703 3449 1812 3512 pressa

313 3522 340 3553 ω
410 3542 417 3555 “
512 3556 591 3599 voce
601 3536 698 3599 habet
710 3545 883 3599 accentum.

552 3636 721 3699 Cledonius
732 3657 765 3717 p.
779 3637 829 3711 32,
844 3637 861 3696 2
875 3636 916 3697 K.

510 3735 727 3815 Circumflaxus
750 3743 868 3797 acum:
891 3734 973 3797 hanc
995 3733 1114 3796 habent
1137 3732 1399 3807 observationem,
1423 3732 1456 3793 in
1480 3730 1607 3793 Graecis
1628 3729 1811 3793 nominibus

513 3831 659 3915 [syllabis]
681 3844 829 3898 accentus
849 3844 898 3897 est
918 3834 950 3898 in
971 3832 1083 3896 ultima
1103 3831 1277 3913 penultima
1298 3842 1331 3895 et
1351 3830 1611 3911 antepenultima;
1632 3830 1667 3892 in
1686 3829 1810 3893 Latinis

511 3934 623 3997 ultima
648 3934 769 4014 syllaba
794 3944 958 3998 accentum
984 3953 1046 3996 non
1072 3933 1178 3995 habet.
1222 3934 1302 3995 Sane
1328 3951 1348 3992 a
1373 3930 1444 4008 fine,
1463 3932 1523 3993 hoc
1550 3942 1599 3993 est
1615 3931 1657 3994 ab
1683 3930 1808 4006 ultima,

511 4034 716 4114 computandi
736 4043 809 4096 sunt
829 4042 986 4096 accentus.
1026 4032 1102 4095 Tria
1124 4031 1221 4095 habet
1244 4041 1452 4111 cognomenta
1474 4040 1633 4093 accentus:
1658 4039 1716 4092 aut
1741 4028 1809 4092 tuni

511 4145 585 4196 sunt
601 4143 658 4196 aut
675 4143 798 4197 tenores
814 4142 871 4195 aut
888 4142 1044 4207 accentus,
1062 4131 1130 4194 toni
1151 4149 1172 4193 a
1189 4151 1276 4206 sono,
1293 4141 1440 4194 accentus
1457 4130 1499 4193 ab
1516 4131 1667 4205 acuendo,
1684 4139 1808 4192 tenores

509 4232 552 4296 ab
575 4233 871 4296 intentione-Non
895 4233 1001 4295 tenebit
1023 4233 1087 4293 nisi
1110 4231 1308 4311 penultimum
1332 4231 1440 4293 locum
1465 4230 1550 4310 apud
1573 4229 1705 4292 Latinos
1729 4228 1806 4303 loca,

510 4352 591 4412 quae
609 4333 821 4396 circumflexus
838 4342 895 4395 aut
919 4341 1030 4395 acutus
1048 4331 1211 4406 dimiserit,
1230 4330 1334 4410 gravis
1350 4330 1580 4410 possidet—Et
1604 4329 1656 4391 hoc
1674 4328 1724 4390 illi
1746 4348 1807 4390 non

509 4440 553 4496 cst
570 4453 723 4496 smmum
741 4452 808 4494 cum
827 4432 941 4495 ceteris:
961 4431 1035 4511 quia
1054 4450 1118 4493 non
1137 4429 1195 4493 sibi
1215 4430 1357 4493 vindicat
1376 4428 1489 4505 locum,
1509 4429 1564 4492 sed
1583 4428 1747 4492 dimissum
1765 4427 1807 4489 ab

509 4531 578 4594 aliis
588 4531 830 4612 possidet-Cf.
847 4534 996 4594 Donatus
1011 4552 1043 4611 p.
1061 4530 1130 4606 371,
1148 4533 1164 4592 2
1183 4531 1224 4591 K.

552 4631 721 4694 Cledonius
732 4652 765 4712 p.
780 4633 829 4707 32,
846 4633 879 4693 11
895 4632 937 4693 Κ.
1646 4700 1651 4711 ,

509 4733 588 4812 Ergo
607 4716 822 4810 morwsylloba:
842 4731 877 4793 in
896 4729 1042 4794 omnibus
1060 4728 1284 4809 monosyllabis
1306 4728 1495 4803 nominibus,
1516 4728 1582 4790 sive
1599 4746 1680 4806 quae
1696 4725 1806 4789 breves

509 4831 626 4894 luerint
641 4840 766 4906 natura,
784 4830 850 4894 sive
867 4849 948 4910 quae
963 4830 1119 4911 positione
1136 4829 1246 4909 longae
1262 4829 1366 4891 factae
1382 4828 1511 4902 luerint,
1527 4847 1592 4889 non
1608 4825 1729 4889 habent
1746 4825 1806 4889 nisi
