3942 6130
416 880 424 902 .
472 814 547 874 Tun
567 813 753 874 Tnnnmon
774 828 816 874 on
836 830 901 874 ms
921 815 1026 874 Lnrnv
1047 813 1182 874 Accaus
1442 816 1480 876 29

178 1011 320 1073 verbium
335 1021 368 1073 et
380 1009 639 1087 interiectionem,
654 1022 690 1072 ut
705 1012 770 1073 hou.
811 1013 934 1075 Horum
949 1012 1104 1091 quaedam
1117 1022 1250 1076 accentu
1264 1013 1480 1089 discernimus

180 1112 335 1191 quaedam
349 1131 452 1173 sensu.

219 1212 279 1273 For
297 1231 317 1273 a
334 1210 481 1273 different
498 1210 556 1272 but
573 1230 659 1272 more
676 1210 831 1290 plausible
848 1211 937 1285 view,
955 1231 1007 1273 see
1024 1211 1061 1289 Q.
1080 1212 1249 1274 Terentius
1266 1214 1400 1305 Spaurus
1417 1213 1480 1275 and

179 1311 272 1389 Quin.
287 1311 366 1373 inst.
379 1311 434 1373 Or.
447 1311 475 1386 Ι,
488 1311 517 1386 5,
531 1310 638 1372 25-29.
680 1313 827 1373 Donatus
843 1310 886 1391 (p.
900 1313 968 1387 389,
985 1313 1020 1373 13
1034 1310 1078 1387 Κ)
1091 1310 1218 1375 himself
1229 1314 1305 1374 does
1316 1323 1374 1374 not
1387 1312 1480 1375 think

179 1411 252 1473 that
271 1410 501 1489 conjunctions‚
521 1410 741 1490 prepositions,
761 1412 826 1473 and
845 1411 980 1473 adverbs
999 1432 1053 1474 are
1066 1411 1294 1490 distinguished
1308 1413 1389 1474 from
1404 1413 1482 1475 each

179 1511 270 1573 other
288 1510 331 1589 by
348 1531 368 1573 a
385 1510 552 1573 difference
576 1510 608 1572 in
632 1512 887 1573 aecem—“Sunt
911 1511 1008 1574 etiarn
1032 1510 1196 1587 dictiones,
1223 1533 1301 1592 quas
1326 1513 1482 1575 incertum

45 1652 62 1670 .
179 1621 228 1673 est
246 1620 354 1672 utrum
371 1610 606 1673 coniunctiones
623 1629 664 1672 an
681 1611 929 1691 praepositiones
946 1632 988 1674 an
1006 1611 1156 1675 adverbia
1174 1612 1382 1687 nominemus
1401 1632 1483 1692 quae

180 1720 287 1773 tamen
300 1731 409 1772 omnes
421 1730 514 1772 sensu
527 1709 618 1772 facile
630 1710 874 1773 dinoscuntur.''.

220 1812 370 1873 Donatus
382 1831 414 1891 p.
429 1810 498 1887 387,
516 1811 552 1871 13
567 1812 608 1871 K.

180 1910 375 1989 Praepositio
398 1910 568 1990 separatim
591 1909 749 1971 adverbiis
770 1930 834 1972 non
856 1910 1077 1991 adplicabitur,
1101 1912 1245 1990 quamvis
1268 1911 1435 1991 legerimus
1447 1912 1482 1973 de

180 2019 308 2089 repente,
327 2013 510 2086 desursum,
530 2011 681 2073 desubito
700 2020 732 2072 et
751 2031 785 2071 ex
804 2011 874 2073 inde
891 2021 924 2072 et
943 2012 980 2072 ab
997 2031 1091 2091 usque
1108 2021 1142 2073 et
1159 2012 1196 2072 de
1207 2012 1288 2073 hinc.
1331 2012 1390 2074 Sed
1405 2012 1482 2074 haec

181 2120 345 2189 tamquam
358 2130 454 2173 unam
466 2120 589 2190 partem
602 2109 753 2172 orationis
766 2111 824 2172 sub
838 2131 900 2173 uno
912 2120 1045 2173 accentu
1057 2111 1342 2190 pronuntiabimus.

221 2213 370 2273 Donatus
382 2231 414 2289 p.
430 2211 498 2287 391,
516 2213 549 2272 ll
567 2212 607 2271 K.

182 2312 352 2389 Separatae
371 2310 618 2390 praepositiones
637 2318 806 2385 acuuntur;
827 2311 1013 2372 coniunctae
1033 2309 1157 2372 casibus
1176 2321 1234 2372 aut
1254 2308 1396 2390 loquellis
1416 2311 1482 2372 vim

182 2430 271 2472 suam
286 2430 379 2490 saepe
393 2419 592 2472 commutant
604 2419 638 2471 et
651 2429 763 2489 graves
776 2410 867 2472 fiunt.

222 2512 371 2572 Donatus
383 2530 414 2590 p.
430 2511 499 2586 392,
514 2512 532 2571 2
547 2508 803 2571 K.=Dositheus
815 2531 847 2589 p.
862 2510 932 2583 424,
950 2511 987 2571 14
1001 2511 1042 2570 K.

182 2610 338 2672 Accentus
351 2610 384 2670 in
397 2609 666 2672 interiectionibus
679 2609 756 2671 certi
769 2629 836 2670 esse
850 2629 912 2670 non
926 2617 1069 2688 possunt,
1084 2619 1120 2671 ut
1139 2608 1203 2671 fere
1223 2609 1255 2671 in
1270 2608 1339 2671 aliis
1353 2609 1484 2671 vocibus

183 2728 262 2788 quas
283 2710 462 2773 inconditas
484 2709 672 2771 invenimus.

222 2812 371 2871 Donatus
384 2830 415 2889 p.
431 2811 500 2885 392,
515 2811 552 2870 22
568 2810 609 2870 K.

182 2909 265 2971 Toni
287 2929 412 2989 quoque
433 2909 575 2970 similiter
596 2929 651 2988 per
673 2909 731 2970 has
753 2918 904 2988 quattuor
927 2910 1045 2987 species
1066 2917 1300 2970 conmutantur.
1343 2909 1427 2970 Nam
1450 2918 1484 2970 et

183 3008 243 3087 ipsi
255 3009 434 3071 adiciuntur
449 3009 658 3071 detrahuntur
670 3008 869 3071 inmutantur
884 3016 1146 3071 transmutantur.
1188 3008 1327 3086 Quorum
1342 3007 1483 3088 exempla

184 3107 267 3171 ultro
283 3128 316 3170 se
330 3109 473 3184 offerent,
489 3108 587 3188 siquis
601 3107 750 3187 inquirat.

223 3210 372 3271 Donatus
385 3209 426 3270 ad
439 3210 510 3271 Ter.
526 3209 585 3271 Ad.
601 3208 646 3283 ΙΙ,
661 3211 690 3285 3,
705 3209 723 3269 5
741 3206 837 3284 (258).

184 3309 203 3369 I
204 3317 290 3387 topice
301 3318 334 3370 et
346 3308 580 3371 subiunctivum
592 3318 698 3387 potest
709 3328 776 3370 esse
788 3307 890 3369 media
903 3307 1024 3386 syllaba
1036 3314 1179 3387 correpta
1191 3316 1225 3369 et
1235 3307 1483 3387 praepositivum

183 3408 338 3488 producta
351 3409 460 3471 eadem
474 3408 604 3487 syllaba,
618 3419 655 3469 ut
667 3408 709 3469 sit
721 3410 829 3488 itaque.

223 3510 371 3569 Donatus
385 3509 425 3570 ad
440 3510 511 3570 Ter.
527 3509 585 3570 Ad.
602 3509 647 3583 ΙΙ,
661 3509 690 3581 4,
705 3509 726 3568 4
742 3505 838 3581 (268).

183 3609 248 3686 Ego
261 3608 346 3670 illam
360 3608 453 3670 hercle
465 3628 529 3669 vero
543 3608 655 3683 omitto,
669 3608 723 3686 qui
741 3609 859 3686 quidem
879 3615 906 3668 te
925 3608 1048 3668 labem
1056 3608 1196 3686 fratrem:
1238 3606 1312 3668 omi
1324 3584 1483 3682 hascirim]

185 3708 369 3770 Acuendum
381 3713 416 3770 te.

224 3810 373 3870 Donatus
386 3807 427 3869 ad
440 3809 512 3869 Ter.
528 3808 587 3869 Ad.
603 3808 640 3881 V,
656 3808 685 3881 5,
702 3807 717 3867 7
736 3804 832 3881 (888).

184 3909 249 3969 Hoc
261 3916 388 3969 verumst
400 3916 427 3969 et
439 3908 551 3986 reipsa
564 3909 713 3986 experiere
725 3904 906 3985 propediem]

184 4008 361 4086 Propediem
383 4010 465 4081 hotv,
486 4027 559 4068 nam
574 4008 743 4086 propediem
757 4006 942 4067 adverbium
953 4015 1001 4067 est
1015 4005 1175 4084 temporis,
1189 4015 1226 4067 ut
1241 4006 1268 4067 si
1283 4004 1400 4066 diceret
1415 4006 1483 4066 cito.

223 4109 372 4169 Donatus
385 4108 426 4168 ad
440 4108 511 4168 Ter.
526 4107 623 4168 Andr.
639 4106 717 4185 prol.
735 4107 779 4168 17.

184 4208 314 4269 Fociiint
324 4227 362 4268 ne
372 4206 564 4285 intellegendo
575 4214 609 4269 ut
619 4206 666 4268 nil
676 4203 874 4284 intellegant?]
886 4226 924 4267 ne
935 4206 1064 4285 quidam
1076 4203 1249 4284 corripiunt
1260 4215 1293 4266 et
1304 4224 1376 4265 cum
1387 4203 1483 4265 inter-

184 4308 345 4385 rogatione
356 4306 573 4386 pronuntiant,
586 4306 712 4385 quidam
725 4306 916 4386 producunt;
927 4325 1061 4384 quorum
1071 4304 1126 4366 alii
1135 4325 1174 4366 ne
1183 4325 1241 4383 pro
1252 4325 1313 4365 non
1324 4302 1484 4383 accipiunt

186 4403 229 4480 [id
247 4417 297 4468 est
313 4404 385 4481 non]
405 4405 458 4468 alii
478 4402 535 4482 [ne]
554 4427 612 4486 pro
630 4406 713 4467 valde
733 4403 836 4479 [nimis
855 4406 992 4481 multum,
1013 4402 1201 4484 plurimuml,
1215 4413 1265 4466 ut:
1284 4424 1321 4466 ne
1334 4424 1385 4482 ego
1397 4405 1484 4465 homo

185 4526 253 4568 sum
266 4506 383 4585 infelix,
398 4516 431 4566 et
445 4505 567 4568 Cicero:
580 4526 618 4567 ne
631 4506 680 4566 illi
695 4502 881 4579 [nemenio
894 4503 1017 4580 errantk
1030 4515 1063 4567 et
1077 4505 1137 4566 hoc
1149 4503 1270 4580 melius,
1284 4523 1357 4565 nam
1373 4503 1482 4565 statim

184 4605 292 4668 infert:
318 4607 380 4684 Qui
405 4626 473 4667 cum
505 4606 584 4668 hune
610 4614 761 4680 accusant,
787 4606 946 4681 Naevium,
974 4606 1129 4680 Pinacium,
1155 4604 1294 4665 Enniam
1319 4604 1482 4664 Accusavit.
1539 4692 1544 4703 ⁵

224 4708 373 4768 Donatus
385 4706 418 4766 in
431 4707 502 4766 Ter.
518 4706 599 4767 Eun.
615 4706 659 4780 II,
675 4709 704 4782 2,
720 4707 758 4766 24
774 4704 870 4781 (255).

187 4808 268 4867 num
291 4807 360 4867 iae
375 4805 535 4884 loquimur,
557 4806 729 4866 {aarum
751 4806 790 4865 aa
811 4805 969 4866 maelium
990 4804 1044 4865 aa
1066 4780 1268 4878 Donamus]
1291 4801 1484 4863 {aaaron

185 4907 267 4968 duae
290 4916 396 4984 partes
413 4904 574 4980 orationis,
592 4909 663 4966 cum
688 4905 873 4966 coniunctae
891 4924 986 4965 unam
1004 4903 1145 4977 iecerint,
1164 4912 1291 4964 mutant
1308 4910 1484 4963 accentum.

188 5006 245 5068 See
258 5007 356 5067 under
369 5004 520 5066 Helenius
533 5006 646 5079 Acron,
661 5004 771 5066 above.
848 5023 852 5029 ’
