3942 6130
523 818 562 878 46
799 904 802 910 Ι
983 816 1091 895 Jnnns
1112 816 1143 877 S.
1166 816 1364 878 Manuonn

522 1012 712 1091 invenimus;
727 1015 854 1078 tertiam
868 1014 1025 1093 positione
1039 1013 1177 1093 longam3
1193 1024 1339 1094 quartam
1353 1014 1481 1078 brevem
1496 1025 1639 1089 accentu,
1654 1016 1739 1095 quia,
1754 1000 1829 1077 cum

523 1114 656 1178 dicimus
667 1115 882 1189 amicissimas,
894 1112 1138 1194 paeneultimam
1152 1134 1224 1177 cum
1236 1113 1324 1178 brevi
1335 1125 1468 1178 accentu
1478 1114 1669 1193 invenimus,
1682 1115 1829 1194 quintam

522 1216 648 1294 longam
673 1223 815 1277 accentu.
857 1213 977 1278 Ultima
1002 1233 1077 1276 vero
1102 1213 1203 1293 qualis
1227 1214 1279 1291 sit,
1304 1234 1360 1294 per
1385 1214 1522 1293 singulas
1546 1223 1653 1294 partes
1677 1214 1830 1277 orationis

524 1313 748 1377 monstrabunt
766 1312 904 1377 rationes
922 1313 1091 1376 subiectae.

565 1414 690 1476 Servius
699 1413 733 1474 in
744 1414 821 1476 Buc.

525 1514 711 1577 Notandum
723 1532 849 1593 quoque
860 1513 1004 1575 Bucolica
1016 1511 1067 1575 vel
1078 1513 1220 1593 Georgica
1232 1532 1304 1574 cum
1316 1513 1403 1594 apud
1416 1513 1554 1576 Graecos
1566 1513 1600 1575 in
1612 1513 1674 1575 fine
1687 1512 1829 1576 habeant

524 1623 700 1690 accentum,
714 1614 799 1693 apud
814 1633 872 1675 nos
884 1612 918 1674 in
931 1612 1026 1675 tertia
1039 1632 1060 1675 a
1073 1611 1136 1674 fine
1148 1612 1276 1676 habere:
1289 1632 1364 1675 nam
1379 1622 1416 1675 ut
1429 1613 1463 1674 in
1477 1612 1589 1676 ultima
1603 1613 1656 1689 sit,
1670 1612 1830 1675 Latinitas

523 1722 624 1788 vetat,
639 1713 719 1775 utin
730 1711 924 1792 paenultima
936 1711 1064 1788 nonsit,
1076 1711 1242 1774 brevitatis
1252 1712 1347 1775 efficit
1360 1713 1449 1777 ratio.

566 1813 691 1876 Servius
703 1813 746 1875 ad
759 1811 826 1875 Ecl.
841 1812 868 1888 I,
883 1813 931 1874 30.

525 1913 666 1992 Respexit
687 1919 786 1974 tomen
808 1919 835 1974 et
856 1912 942 1992 longo
964 1919 1031 1990 post
1052 1919 1180 1990 tempore
1201 1908 1290 1987 vuar]
1330 1912 1396 1973 Aut
1422 1899 1588 1989 ἀρχαῖσμός
1610 1921 1672 1974 est:
1701 1910 1828 1991 antiqui

525 2011 608 2075 enim
620 2020 696 2091 post,
708 2019 786 2089 ante,
798 2012 910 2074 arcum
921 2010 1018 2074 etiam
1028 2008 1170 2073 ablativo
1180 2010 1363 2092 iungebant,
1374 2012 1460 2091 quod
1470 2011 1564 2075 hodie
1581 2010 1683 2074 iacere
1699 2011 1829 2073 minime

524 2132 700 2192 possumus,
716 2121 774 2174 aut
789 2112 942 2192 longopost
957 2130 1021 2172 una
1036 2120 1085 2174 est
1099 2129 1173 2191 pars
1188 2111 1350 2187 orationis,
1367 2121 1405 2173 ut
1420 2111 1463 2174 sit
1478 2131 1588 2174 sensus
1602 2112 1681 2174 verat
1695 2119 1826 2189 tempore

524 2212 692 2292 longopost;
711 2211 793 2274 sicut
813 2211 1019 2286 mrdlomimrs,
1040 2210 1239 2290 multonragis,
1260 2212 1421 2289 postmodo.
1462 2212 1628 2274 Horatius:
1668 2211 1828 2273 Postmodo

525 2312 602 2392 quod
617 2312 662 2373 mi
676 2312 752 2373 obsit
766 2311 843 2373 olore
858 2312 1041 2391 medumque
1055 2310 1159 2372 locata
1201 2311 1245 2373 Et
1258 2311 1421 2391 longoposl,
1437 2320 1474 2373 ut
1489 2311 1666 2390 postposita
1682 2311 1828 2373 videatur

525 2431 592 2475 esse
605 2410 795 2491 praepositio
808 2420 842 2474 et
855 2410 888 2471 in
903 2410 1058 2473 unitatem
1072 2420 1191 2473 coacta.

567 2510 692 2573 Servius
705 2511 746 2572 ad
760 2509 826 2572 Ecl.
841 2510 887 2585 11,
901 2512 950 2572 31.

526 2613 649 2673 Merum
670 2629 734 2672 uno
754 2612 790 2671 in
811 2610 895 2672 siluis
914 2610 1067 2672 aninam
1087 2610 1178 2671 Pano
1199 2606 1341 2684 comndol
1382 2611 1463 2673 Sane
1484 2610 1646 2672 sciendum
1667 2609 1759 2671 Pana
1780 2609 1829 2670 Pa

525 2710 642 2773 habere
666 2718 844 2772 accentum:
885 2710 1005 2773 Graeca
1031 2709 1114 2771 enim
1139 2707 1366 2788 monosyllaba,
1393 2728 1475 2788 quae
1500 2710 1542 2771 ad
1568 2728 1626 2771 nos
1652 2717 1828 2783 transeunt,

526 2819 670 2873 crescam
684 2809 717 2871 in
734 2807 869 2889 obliquis
885 2808 1021 2871 casibus:
1036 2818 1070 2872 et
1084 2809 1118 2870 in
1134 2808 1280 2889 genetivo
1295 2818 1329 2871 et
1344 2809 1454 2871 dativo
1471 2818 1599 2871 tantum
1615 2807 1827 2889 singularibus

527 2909 657 2973 ultimae
677 2907 816 2989 syllabae
836 2918 1001 2971 accentum
1021 2909 1111 2985 dant,
1133 2917 1171 2970 ut
1190 2909 1306 2985 Panos,
1327 2909 1420 2985 Pani,
1442 2909 1556 2987 lyram,
1577 2910 1674 2987 lyon&
1693 2907 1830 2989 plurales
1951 2952 1952 2973 r

527 3004 622 3086 [vero]
638 3009 736 3073 etiam
750 3008 804 3071 isti
819 3009 882 3071 duo
898 3008 944 3070 ita
959 3007 1078 3071 habent
1094 3017 1269 3084 accentum,
1286 3007 1359 3071 licet
1373 3010 1415 3071 ad
1431 3028 1488 3070 nos
1503 3008 1637 3071 transire
1654 3005 1739 3084 [non]
1755 3027 1827 3088 pos
1951 3024 1952 3027 ’

527 3110 601 3171 sint.

567 3208 692 3271 Servius
705 3208 747 3270 ad
761 3206 827 3270 Ecl.
842 3208 880 3284 V,
895 3208 923 3268 3.
977 3212 988 3235 ⁰

527 3310 588 3371 Hic
612 3307 723 3370 curedis
746 3308 852 3369 mistos
876 3308 954 3368 inm
977 3307 1164 3369 rorrsedimrrr
1188 3304 1294 3382 umus]
1321 3307 1403 3370 Sane
1425 3308 1504 3369 inter
1527 3305 1728 3387 praepositio,
1754 3306 1828 3386 quia

527 3408 704 3488 postposita
717 3413 775 3483 est,
790 3406 930 3469 mutavit
943 3416 1118 3483 acoentum,
1134 3406 1216 3469 sicut
1229 3407 1351 3469 cirum.

569 3507 693 3570 Servius
706 3506 748 3570 ad
762 3506 828 3569 Ecl.
842 3508 886 3581 X,
903 3507 929 3567 1.

527 3609 701 3669 Extremum
718 3607 807 3682 hunc,
824 3607 984 3683 Arethusa,
1002 3605 1080 3667 milri
1095 3605 1217 3668 amede
1233 3603 1371 3682 morem]
1390 3606 1471 3669 Sane
1488 3605 1640 3668 Arethusa
1657 3605 1828 3668 secumdum

527 3707 734 3769 Latinitatem
750 3706 784 3766 in
799 3704 993 3785 paenultima
1009 3705 1107 3768 habet
1122 3714 1287 3769 accentum
1292 3726 1300 3782 ;
1317 3706 1489 3768 secundum
1505 3705 1658 3767 rationem
1676 3705 1829 3768 Graecam

528 3806 560 3868 in
573 3806 667 3868 tertia
684 3825 703 3868 a
720 3804 782 3868 fine
799 3803 988 3882 I'Aploouoal,
1006 3804 1089 3868 sicut
1104 3814 1137 3868 et
1155 3805 1273 3869 Cressa
1291 3801 1334 3880 [et
1352 3803 1508 3881 Kpiovral.

569 3904 697 3968 Servius
710 3905 751 3969 ad
766 3904 831 3967 Ecl.
845 3906 889 3980 X,
906 3906 952 3966 ts.

527 4006 568 4068 Et
574 4008 728 4085 sormones
742 4024 806 4067 over
820 4005 998 4084 adflumino
1008 4005 1091 4083 pavit
1102 4002 1268 4080 AdonirlA
1282 4004 1381 4067 habet
1393 4014 1569 4079 accentum,
1584 4003 1658 4084 quia
1674 4004 1830 4066 Graecum

528 4115 576 4168 est
586 4113 827 4167 nomen:tamen
836 4113 869 4166 et
876 4101 959 4180 [iam]
966 4104 1079 4167 Latim
1087 4103 1132 4167 sic
1141 4103 1285 4166 dicimus:
1295 4123 1369 4166 nam
1379 4105 1468 4166 Adon
1477 4123 1634 4183 nusquam
1643 4101 1761 4166 lectum
1771 4112 1828 4165 est.

569 4204 695 4267 Servius
708 4204 750 4266 ad
764 4203 877 4283 Georg.
892 4204 919 4279 I,
934 4205 999 4266 59..

529 4304 673 4365 Eliadum
685 4304 804 4383 palmos
816 4304 928 4382 Epiros
941 4300 1093 4383 equorum]
1108 4303 1189 4365 Sane
1200 4303 1313 4382 Epiros
1326 4302 1444 4366 Graeoe
1455 4301 1623 4383 profertur,
1638 4302 1722 4364 unde
1733 4301 1829 4364 etiam

529 4403 672 4465 Ebabet
690 4412 868 4478 accentuum
887 4422 961 4464 nam
980 4403 1008 4464 si
1024 4402 1174 4464 Latinum
1187 4412 1267 4465 esset
1282 4402 1409 4481 Epirus,
1429 4398 1602 4481 [Epiri,lpi
1619 4401 1751 4464 haberet
1771 4396 1829 4475 [ac-

527 4499 679 4578 centuml,
698 4502 775 4582 quia
789 4502 883 4581 longa
896 4511 954 4565 est.

570 4602 695 4665 Servius
708 4602 750 4664 ad
764 4602 877 4681 Georg.
891 4601 937 4677 11,
954 4603 980 4663 1.

529 4704 561 4764 H
563 4710 683 4763 ocmms
697 4721 832 4763 arvorum
846 4701 943 4763 rrdnrs
957 4708 984 4762 et
996 4701 1096 4762 sidera
1109 4698 1193 4777 corb]
1208 4702 1240 4762 H
1242 4708 1373 4776 amau,
1386 4710 1424 4762 ut
1436 4699 1530 4763 multi
1543 4700 1665 4776 volunt,
1679 4718 1745 4762 una
1757 4718 1830 4779 pars

530 4801 680 4864 orationis
693 4811 751 4877 est,
764 4810 798 4862 et
810 4809 859 4863 est
871 4800 1054 4863 adverbium
1068 4799 1245 4879 significans
1257 4800 1420 4880 lucusque
1431 4800 1486 4862 alii
1497 4800 1576 4861 duas
1587 4808 1695 4879 partes
1707 4799 1829 4871 volunt,

529 4919 703 4981 pronomen
721 4910 754 4964 et
773 4899 968 4975 adverbium,
988 4909 1026 4962 ut
1044 4899 1086 4961 sit
1105 4907 1190 4961 unus
1209 4899 1274 4975 hor,
1293 4899 1375 4962 sicut
1393 4901 1434 4961 Et
1451 4919 1572 4962 cruram
1591 4906 1677 4961 lmus
1696 4918 1716 4960 o
1733 4906 1830 4960 mena

530 5001 668 5080 palearia
684 5001 821 5079 pardmt.
864 4999 924 5062 Sed
935 4998 1045 5062 melius
1056 5008 1105 5062 est
1116 5018 1211 5061 unam
1227 5009 1352 5079 partem
1364 4999 1505 5078 accipere
1515 4997 1666 5061 orationis
1679 4998 1829 5061 balatus.
