3942 6130
513 782 553 842 80
974 780 1082 859 Jmms
1103 781 1133 843 S.
1156 780 1355 842 Manuonn

554 981 671 1042 Anecd.
692 979 821 1042 Helvet.
842 999 874 1060 p.
894 980 1009 1042 XVIII
1028 981 1071 1041 H.

515 1082 550 1143 F.
579 1081 630 1142 11·
651 1090 724 1159 post
753 1080 863 1142 verba:
888 1078 1020 1159 ‘syllaba
1041 1080 1127 1159 apud
1150 1080 1296 1142 metlicos
1319 1081 1451 1160 semipes
1472 1079 1664 1142 nominetur'
1687 1098 1719 1159 p.
1746 1081 1804 1141 3⁶9

518 1181 554 1244 15
574 1180 652 1243 haec
670 1179 788 1243 inserta
808 1189 883 1242 sunt
902 1198 1043 1242 sermone
1063 1180 1261 1242 continuato:

554 1280 718 1343 Acoedunt
730 1268 897 1359 unictrique
909 1278 1036 1365 sillabae
1047 1288 1138 1341 tenor
1149 1280 1277 1359 spititus
1288 1290 1414 1358 tempus
1424 1289 1457 1341 et
1468 1299 1616 1341 numerus
1627 1279 1813 1341 litteremm.

515 1381 620 1442 Tenor
635 1390 748 1442 acutus
764 1380 868 1459 gravis
884 1379 934 1442 vel
951 1379 1164 1441 circumflexus
1180 1381 1213 1441 in
1230 1380 1350 1442 dicione
1367 1390 1471 1441 certus
1486 1379 1606 1459 absque
1622 1398 1660 1441 ea
1676 1380 1814 1441 incertus

514 1498 578 1541 non
602 1488 708 1559 potest
725 1488 833 1541 tamen
857 1480 922 1541 sine
939 1499 977 1540 eo
980 1525 1195 1540 .....
1241 1481 1275 1540 F.
1299 1480 1350 1540 llb
1368 1479 1476 1542 Habet
1494 1479 1592 1541 etiam
1610 1497 1815 1559 unaquaeque

516 1578 625 1642 sillabe
641 1579 842 1641 altitudinem
859 1578 1059 1641 latitudInem
1075 1589 1108 1640 et
1124 1580 1361 1658 longitudinem.
1409 1579 1619 1642 Altitudinem
1641 1579 1675 1641 in
1697 1589 1814 1655 tenore,

516 1679 755 1743 crassitudinem
776 1677 828 1741 vel
851 1679 1052 1741 latitudinem
1075 1680 1107 1741 in
1131 1680 1254 1758 spiritu,
1277 1679 1504 1759 longitudInem
1527 1680 1561 1740 in
1585 1691 1734 1758 tempore.

555 1779 633 1843 Cod.
656 1780 747 1841 Bem.
772 1780 828 1840 123
851 1775 943 1855 (saec.
964 1776 1025 1855 X):
1045 1780 1162 1841 Anecd.
1183 1760 1312 1841 Helvetf
1330 1798 1363 1859 p.
1383 1780 1535 1843 XXXIII
1553 1779 1597 1841 H.

516 1881 550 1941 F.
575 1878 630 1941 34¹>
662 1876 714 1956 (cf.
739 1880 822 1941 Don.
845 1898 878 1959 p.
903 1878 972 1955 371,
996 1877 1060 1955 25).
1105 1882 1191 1959 Quot
1215 1898 1262 1941 res
1285 1878 1476 1941 conturbant
1492 1878 1593 1960 legem
1609 1880 1815 1941 accentuum?

516 1979 578 2041 III.
595 1980 699 2059 Quae?
739 1979 1299 2058 Distinctiopronuntiatindiscretio.
1341 1979 1511 2042 Distinctio
1521 1978 1679 2059 quomodo
1688 1978 1815 2041 turbat?

516 2081 561 2143 Ut
582 2079 679 2159 siquis
699 2078 784 2141 dicet
805 2078 981 2144 malesanus
1000 2098 1057 2160 pro
1077 2080 1264 2156 malesanus,
1285 2080 1405 2142 interea
1424 2080 1484 2141 loci
1504 2099 1561 2159 pro
1581 2079 1734 2141 inteream
1763 2075 1809 2154 (=

515 2176 648 2254 interet)
665 2179 735 2241 loci.
776 2179 996 2241 Pronuntiatio
1012 2179 1186 2258 quomodo?
1228 2182 1273 2243 Ut
1289 2199 1361 2241 cum
1377 2179 1477 2241 dicere
1493 2179 1664 2242 debeamus
1677 2178 1815 2240 latebras

519 2276 672 2355 (lateras),
692 2278 832 2341 dieamus
850 2277 997 2356 latebras,
1019 2289 1054 2342 ut
1074 2279 1204 2359 quidam
1222 2281 1255 2341 in
1275 2299 1381 2341 versu:

1143 2379 1303 2458 Argolicas
1327 2378 1453 2444 foedare
1479 2377 1617 2441 latebras

519 2475 564 2554 (in
589 2497 665 2539 vesu
689 2477 841 2558 argolicas
864 2477 1012 2554 federare,
1038 2480 1128 2559 Verg.
1154 2481 1232 2541 Aen.
1258 2480 1292 2540 H
1317 2476 1370 2554 55)
1415 2527 1422 2540 .
1467 2525 1474 2538 .
1520 2527 1526 2539 .
1572 2526 1580 2539 .

505 2579 576 2651 ,Est
588 2577 649 2639 alia
662 2597 720 2655 res,
734 2595 815 2656 quae
826 2576 1019 2658 hanclegem
1032 2577 1145 2641 violet?
1187 2580 1267 2641 Sunt
1279 2578 1425 2657 equidem
1444 2578 1514 2639 IIII
1535 2577 1718 2657 particulae,
1737 2595 1816 2656 quas

517 2677 646 2756 quidam
660 2678 910 2757 pronuntiationi
924 2678 1096 2758 applicant,
1111 2678 1192 2741 idest
1204 2698 1264 2758 quc
1276 2697 1419 2740 venece.
1461 2678 1644 2757 Quomodo?
1684 2677 1812 2756 Cogunt

521 2774 647 2856 (cogun)
665 2778 749 2839 enim
763 2787 930 2839 accentum
944 2779 978 2840 in
993 2778 1140 2840 ultimam
1155 2788 1265 2840 contra
1280 2778 1378 2857 legem
1395 2779 1527 2841 transire
1543 2797 1616 2839 cum
1634 2774 1719 2853 (cum
1741 2774 1812 2851 oen.)

518 2876 734 2940 subsecuntur.
776 2879 828 2939 Da
849 2878 1001 2958 exempla.
1042 2880 1226 2957 Doctusque
1249 2878 1400 2940 domusve
1423 2877 1574 2939 doctusne
1596 2877 1754 2939 doctmoe.

559 2976 637 3039 cod.
658 2978 749 3039 Bern.
772 2978 808 3039 16
830 2974 921 3053 (saec.
941 2974 1018 3054 IX):
1040 2978 1157 3040 Anecd.
1181 2977 1307 3040 Helvet.
1325 2998 1356 3057 p.
1371 2979 1460 3040 XLV
1471 2978 1513 3039 H.
1540 2975 1615 3052 (For
1624 2966 1814 3056 description

518 3076 550 3137 of
575 3076 628 3139 me
653 3077 759 3151 codex,
784 3097 834 3139 see
857 3097 889 3156 p.
913 3075 1044 3153 XLIV).

557 3178 583 3238 F
584 3224 591 3236 .
612 3177 645 3239 5·
663 3176 720 3238 col.
742 3178 767 3238 1.
809 3179 966 3239 Accentus
983 3187 1032 3240 est
1056 3177 1161 3238 anime
1179 3178 1346 3239 verborum
1364 3178 1429 3239 sive
1448 3197 1509 3239 vox
1527 3176 1675 3257 syllabae,
1689 3194 1770 3255 quae
1782 3175 1815 3237 in

518 3295 658 3338 sermone
674 3276 745 3356 plus
762 3287 855 3339 sonat
872 3276 911 3338 de
929 3277 1038 3339 ceteris
1055 3276 1191 3356 syllabis.
1233 3279 1390 3339 Accentus
1405 3286 1514 3339 autem
1531 3296 1551 3338 a
1569 3287 1665 3339 cantu
1682 3286 1815 3338 vocatus

518 3386 577 3453 est,
595 3376 670 3455 quia
686 3377 804 3457 inipso
823 3386 920 3438 cantu
936 3376 1120 3457 producitur
1137 3376 1310 3439 modulatio
1330 3378 1423 3439 vocis.

559 3476 607 3536 Ex
620 3476 689 3537 cod.
705 3476 797 3538 Bern.
814 3477 852 3566 83
870 3474 962 3551 (saec.
978 3473 1039 3553 X):
1056 3477 1173 3538 Anecd.
1193 3476 1319 3538 Helvet.
1337 3497 1369 3556 p.
1387 3477 1467 3539 CIII
1488 3477 1530 3538 H.
1558 3474 1626 3551 (See
1647 3495 1680 3554 p.
1703 3476 1815 3538 XCIX

519 3573 685 3651 fordare).
1223 3614 1227 3624 ·
1327 3586 1331 3593 '

560 3674 746 3736 ‘Mulierem’
775 3675 808 3737 in
835 3675 1083 3754 antepenultimo
1110 3694 1203 3737 nemo
1231 3674 1325 3738 debet
1353 3694 1472 3752 acuere,
1502 3675 1556 3737 sed
1583 3675 1616 3737 in
1642 3674 1816 3754 penultimo
1880 3683 1888 3701 ·

518 3775 634 3853 potius
653 3784 690 3836 ut
708 3774 859 3838 ealefacit.

559 3874 719 3953 Remigius
735 3875 768 3936 in
785 3874 853 3936 cod.
873 3876 966 3937 Bem.
984 3876 1057 3937 386:
1073 3875 1192 3937 Anecd.
1210 3875 1337 3937 Helvet.
1354 3895 1386 3954 p.
1406 3875 1484 3937 CXI
1501 3876 1543 3937 H.

519 3975 650 4053 Remigii
666 3994 730 4036 nero
746 3974 941 4054 exposni’onn
957 3975 1010 4038 hoe
1026 3983 1068 4038 esi
1084 3975 1272 4055 principium
1289 3977 1317 4055 j.
1334 3974 1400 4037 25⁸.-
1445 4023 1452 4036 .
1497 4023 1504 4036 .
1550 4022 1556 4035 .
1602 4022 1609 4035 .
1652 3973 1817 4055 desinitque

519 4075 553 4134 in
571 4075 641 4136 haec
659 4075 743 4137 verbo
754 4076 783 4155 s.
801 4074 870 4137 36¹2.-
892 4071 988 4150 (Don.
1006 4095 1038 4154 p.
1058 4076 1126 4150 392,
1147 4074 1222 4150 2)-

558 4175 705 4235 Arrenius
726 4174 762 4235 in
783 4174 984 4237 interiectione
1006 4176 1076 4237 certi
1098 4195 1160 4235 esse
1182 4196 1244 4237 non
1266 4183 1391 4254 possum
1413 4183 1446 4236 nt
1462 4176 1528 4255 sere
1549 4174 1585 4236 in
1607 4173 1679 4236 aliis
1701 4172 1816 4235 nnius

518 4293 592 4353 qnos
604 4274 774 4335 incoirditns
785 4274 964 4336 invenimus.
1006 4276 1046 4336 In
1057 4274 1128 4336 aliis
1140 4274 1270 4336 vocibus
1281 4275 1301 4336 i.
1314 4275 1348 4335 in
1359 4273 1429 4336 aliis
1440 4273 1584 4353 partibus
1596 4273 1662 4335 sive
1674 4272 1816 4334 dictioni·

519 4371 577 4434 bus
596 4394 620 4434 s.
640 4372 781 4435 barbaris
798 4384 831 4435 et
849 4374 1018 4454 peregrinis
1036 4393 1116 4453 quae
1135 4375 1293 4436 incondite
1313 4374 1461 4436 dicuntur
1478 4375 1498 4435 i.
1518 4374 1723 4451 incomposite
1744 4372 1816 4451 quia

519 4472 642 4533 illorum
663 4472 784 4552 regulas
804 4474 854 4535 vel
874 4483 1023 4536 accentus
1042 4475 1234 4553 ignoramus:
1257 4474 1340 4535 ‘iere’
1361 4484 1470 4535 autem
1490 4473 1662 4552 dicit'quia
1684 4491 1814 4551 quorum

518 4572 669 4634 noticiam
687 4571 840 4635 habemus
859 4583 896 4635 ut
915 4573 1027 4635 cristus
1046 4575 1160 4636 scimus
1179 4593 1274 4652 quem
1292 4584 1458 4635 accentum
1476 4572 1625 4648 habeant,
1645 4572 1696 4634 vel
1714 4573 1815 4634 aliter:

519 4671 622 4733 nullus
644 4683 791 4735 accentus
813 4683 917 4735 certus
938 4683 987 4735 est
1008 4674 1041 4734 in
1062 4674 1276 4735 interiectione
1300 4684 1336 4735 ut
1358 4672 1422 4734 iere
1444 4672 1478 4734 in
1498 4672 1569 4734 aliis
1590 4671 1722 4734 vocibus
1744 4671 1813 4751 quit

520 4789 662 4851 quaeque
681 4790 757 4850 gens
775 4791 848 4834 sues
867 4771 963 4834 habet
981 4773 1211 4835 interiectiones
1231 4791 1311 4852 quae
1331 4774 1363 4834 in
1382 4773 1477 4834 aliam
1496 4772 1635 4851 liugtram
1656 4770 1812 4833 transferri

518 4890 582 4932 non
597 4880 739 4950 possunt,
758 4872 840 4934 unde
858 4871 961 4948 racha,
979 4891 1058 4951 quae
1081 4873 1255 4934 interiectio
1272 4882 1320 4934 est
1342 4872 1466 4933 ebraica
1487 4872 1545 4933 ab!
1564 4868 1607 4947 (?)
1625 4871 1656 4932 in
1675 4870 1738 4933 alia
1754 4888 1814 4930 non
