3942 6130
520 805 559 864 86
978 805 1085 882 Jarrus
1106 803 1136 866 S.
1159 803 1357 923 MmLauom

464 1024 468 1032 ·
560 1004 682 1066 Comm.
716 1004 845 1067 Einsidl.
871 1005 904 1066 in
929 1006 1028 1065 Don.:
1058 1005 1174 1067 Anecd.
1201 1005 1326 1066 Helvet.
1348 1025 1381 1084 p.
1405 1007 1472 1082 261,
1504 1007 1539 1068 13
1567 1007 1609 1068 Η.
1656 1006 1706 1068 Ci.
1732 1008 1814 1068 Don.

520 1127 550 1185 p.
577 1104 633 1167 387
659 1105 701 1166 K.

521 1207 604 1268 Pone
618 1215 651 1267 et
668 1204 800 1267 verbum
815 1215 862 1267 est
878 1213 912 1266 et
927 1204 1122 1280 adverbium,
1140 1204 1194 1266 sed
1209 1214 1342 1266 accentu
1359 1206 1471 1280 distat;
1488 1206 1614 1284 quando
1630 1206 1814 1269 adverbium

519 1316 577 1382 est,
596 1304 750 1385 significat
766 1324 863 1385 prope
881 1304 931 1367 vel
948 1313 1040 1366 retro.
1060 1304 1150 1366 Unde
1172 1304 1332 1383 Virgilius:
1597 1310 1602 1321 '

611 1451 615 1460 .
995 1406 1079 1466 Pone
1097 1403 1182 1488 subit
1199 1405 1342 1466 coniunx.

520 1507 570 1570 Cf.
592 1508 717 1570 Servius
735 1506 777 1568 ad
797 1506 874 1567 Aen.
896 1506 940 1580 II,
962 1503 1029 1565 725.

560 1608 682 1670 Comm.
714 1605 844 1668 Einsidl.
875 1606 907 1666 in
938 1606 1036 1666 Don.:
1066 1603 1183 1666 Anecd.
1215 1604 1341 1666 Helvet.
1371 1624 1403 1684 p.
1436 1606 1504 1679 266,
1532 1605 1612 1666 9H.
1656 1606 1706 1668 Ci.
1729 1608 1812 1668 Don.

519 1728 551 1786 p.
574 1709 633 1768 392
655 1707 697 1768 K.

519 1807 634 1869 Nullus
651 1816 800 1869 accentus
817 1813 922 1867 certns
939 1813 988 1865 est
1006 1805 1039 1865 in
1057 1803 1281 1866 interiectione.
1326 1804 1366 1865 Ut
1378 1805 1444 1883 scre
1462 1805 1498 1865 in
1517 1805 1589 1866 ollis
1607 1806 1724 1867 uocibus
1742 1807 1763 1868 i.
1783 1808 1814 1868 in

518 1907 587 1970 aliis
608 1905 762 1986 partibus,
780 1906 854 1984 qnia
871 1923 1012 1983 quaeque
1029 1922 1105 1983 gens
1120 1922 1192 1966 suas
1209 1902 1305 1965 habet
1321 1904 1559 1980 interiectiones‚
1578 1924 1658 1984 quae
1675 1906 1708 1968 in
1720 1907 1815 1968 aliam

519 2007 658 2085 lingnam
684 2005 845 2068 transferri
870 2022 933 2066 non
959 2012 1102 2083 possunt.
1144 2003 1234 2066 Unde
1262 2003 1377 2093 ‘racha'
1402 2004 1578 2067 interiectio
1603 2005 1748 2068 Hebraea
1772 2005 1814 2068 ab

517 2107 710 2186 evangelista
724 2106 758 2168 in
772 2105 834 2167 alia
849 2105 955 2181 lingua
970 2104 1100 2183 exprimi
1114 2122 1178 2165 non
1192 2104 1309 2183 potnit.
1351 2103 1438 2166 Nihil
1451 2112 1561 2165 antem
1575 2104 1691 2181 differt,
1707 2114 1814 2168 utrum

520 2207 640 2287 ‘paple’
654 2215 787 2268 accentu
799 2205 833 2268 in
846 2203 908 2265 fine
920 2205 1024 2283 posito
1038 2204 1170 2281 dicatur,
1184 2221 1226 2265 an
1239 2203 1273 2265 in
1285 2203 1480 2282 paenultimo
1495 2204 1626 2284 papae&
1669 2206 1815 2269 Similiter

518 2309 550 2369 in
573 2308 693 2369 ceteris.
977 2356 981 2362 .
1040 2310 1043 2315 ’

559 2408 629 2485 Frg.
644 2406 683 2467 de
696 2424 761 2467 acc.
777 2424 794 2466 e
809 2404 877 2465 cod.
893 2401 972 2464 Bob.
991 2400 1087 2477 (nunc
1100 2402 1235 2466 Vindob.
1250 2400 1343 2478 XVI)
1358 2422 1391 2482 p.
1409 2405 1465 2465 142
1480 2404 1573 2466 Endl.

519 2507 675 2569 Accentus
703 2504 813 2568 Graeci
840 2507 1008 2580 προσῳδίαν
1032 2502 1202 2583 appellant.
1253 2503 1379 2583 Triplex
1404 2513 1513 2565 autern
1539 2514 1597 2568 est.
1639 2506 1704 2567 Aut
1729 2507 1814 2568 enim

516 2615 630 2669 acutus
652 2614 710 2681 est,
735 2623 829 2683 quem
858 2607 955 2679 ὀξεῖαν
976 2603 1094 2678 dsunt,
1117 2612 1175 2665 aut
1204 2603 1317 2681 gravis,
1342 2622 1436 2682 quem
1459 2608 1592 2680 βαρεῖαν,
1609 2614 1667 2666 ant
1684 2606 1814 2667 circnm—

518 2705 625 2781 flexus,
644 2724 738 2785 quem
759 2705 987 2779 reprrrapimv.
1038 2702 1153 2765 Omnia
1169 2703 1266 2782 igitur
1281 2703 1419 2778 nomina,
1438 2703 1503 2765 sive
1522 2703 1628 2780 verba,
1647 2705 1712 2767 sive
1731 2724 1812 2784 quae

516 2806 580 2868 alia
597 2824 671 2885 pars
688 2804 839 2866 orationis
856 2802 960 2878 inerit,
981 2801 1060 2863 banc
1079 2802 1233 2864 rationem
1249 2803 1478 2865 enunciationis
1496 2804 1654 2883 recipient.

559 2903 780 2983 Monosyllaba
798 2903 917 2982 aliquid
936 2902 1153 2982 significantia,
1174 2903 1200 2964 si
1218 2901 1336 2964 inerint
1354 2911 1470 2965 natura
1488 2903 1592 2983 longa,
1612 2903 1645 2966 id
1664 2914 1723 2979 est,
1743 2924 1813 2984 pro

517 3006 589 3068 duci
612 3005 783 3084 potuerint,
808 3001 1003 3065 circumflexa
1026 3021 1103 3064 voce
1125 3001 1308 3078 eilemntur,
1332 3011 1368 3064 ut
1392 3011 1470 3081 spes,
1488 3003 1558 3083 flos,
1583 3021 1657 3080 mos,
1681 3023 1739 3066 ros.
1781 3006 1813 3067 Si
1852 3029 1857 3035 ·

517 3106 671 3184 positione
691 3104 783 3183 longa
800 3102 918 3164 inerint
935 3102 992 3163 a'ut
1011 3111 1093 3163 certe
1112 3101 1229 3177 brevia,
1247 3111 1343 3163 acuta
1362 3121 1438 3165 vooe
1455 3102 1757 3182 pronunciabuntur,
1777 3114 1813 3166 nt

519 3205 589 3279 nori,
611 3225 674 3279 nec,
697 3204 774 3284 quis,
797 3203 879 3283 quid,
901 3202 960 3276 irie,
981 3221 1054 3263 nux.

558 3306 596 3366 In
617 3303 777 3382 disyllabis
795 3310 914 3377 antem,
935 3303 962 3364 si
981 3300 1170 3381 primo'loco
1189 3301 1343 3381 producta
1363 3301 1458 3364 luerit
1478 3302 1610 3380 syllaba,
1631 3303 1760 3366 habebit
1780 3305 1812 3367 in

517 3423 550 3465 se
578 3402 809 3465 circumflexum
835 3411 1014 3463 accentum:
1033 3402 1139 3478 Roma,
1168 3401 1272 3477 rhetor,
1301 3402 1416 3478 bruma,
1444 3403 1498 3478 ila,
1527 3404 1637 3481 prima.
1679 3404 1711 3466 Si
1740 3424 1813 3465 vero

517 3503 618 3582 prima
637 3502 758 3581 syllaba
775 3501 929 3581 positione
948 3501 1041 3580 longa
1059 3501 1153 3564 luerit
1171 3511 1229 3563 aut
1248 3500 1361 3577 brevis,
1380 3512 1510 3564 acutum
1529 3512 1642 3564 tonum
1659 3504 1692 3565 in
1711 3505 1813 3583 prima

518 3603 659 3682 reperies,
676 3611 712 3664 ut
728 3609 823 3677 como,
840 3601 942 3675 cmrdo,
958 3621 1053 3676 cuno,
1070 3602 1154 3677 salto,
1171 3601 1280 3680 pinne,
1296 3610 1382 3663 secta
1425 3602 1485 3664 Sed
1500 3621 1539 3664 ne
1556 3604 1672 3683 opponi
1686 3602 1812 3666 nobisa

518 3703 650 3764 nimium
666 3700 866 3781 diligentibus
881 3700 934 3762 illa
950 3701 1082 3779 possint,
1100 3719 1180 3780 quae
1195 3710 1291 3763 acnta
1308 3700 1429 3779 syllaba
1445 3702 1478 3763 in
1494 3703 1664 3765 novissimo
1679 3702 1813 3766 edenu-

516 3811 579 3877 tur,
598 3811 633 3864 ut
649 3802 766 3881 Cydas,
782 3801 892 3878 Dryas,
911 3800 1026 3879 Tityon
1040 3800 1116 3863 illud
1131 3810 1180 3863 est
1196 3800 1459 3880 respondendum:
1481 3803 1586 3864 omnia
1608 3802 1706 3865 verba
1726 3794 1813 3883 pere-

517 3903 605 3981 grina
627 3902 803 3964 ’secundnm
831 3918 920 3963 snam
947 3901 1144 3979 positionem,
1173 3901 1331 3980 quomodo
1359 3902 1440 3963 lecta
1467 3912 1551 3977 sunt,
1580 3903 1625 3964 ita
1652 3904 1812 3965 enunciari

509 4000 642 4090 ,debere3
663 4020 739 4063 nam
761 4020 833 4062 cnm
855 4000 889 4062 in
910 4009 1052 4062 nostram
1075 4000 1332 4063 consuetudinem
1354 4010 1527 4077 transeant,
1551 4004 1665 4066 rationi
1685 4013 1812 4065 nostrae

516 4121 641 4180 quoqne
662 4101 834 4164 inserviant
854 4118 977 4162 necesse
998 4110 1056 4162 est.
1099 4100 1246 4162 Ceterum
1267 4100 1388 4161 nullum
1409 4110 1457 4164 est
1479 4101 1611 4164 verbnm
1632 4103 1696 4165 sive
1718 4103 1813 4181 disyl-

517 4200 634 4278 labum,
656 4203 721 4264 sive
743 4202 840 4264 trinm
859 4201 1036 4280 pluriumve
1057 4199 1258 4278 syllabarum,
1281 4201 1366 4280 qnod
1386 4202 1557 4264 novissima
1578 4201 1699 4280 syllaba
1719 4212 1811 4265 acute

515 4301 707 4364 enuncietur.

557 4401 655 4479 Super
675 4401 762 4464 istud
782 4401 821 4463 de
842 4399 1011 4478 trisyllabis
1033 4399 1183 4475 dieamus,
1205 4400 1237 4462 in
1259 4399 1373 4478 quibus
1394 4399 1551 4464 haeserit
1573 4400 1765 4465 observatio:
1785 4402 1811 4464 si

518 4500 619 4563 media
635 4499 756 4579 syllaba
769 4501 923 4580 positione
938 4500 1032 4579 longa
1046 4499 1150 4575 inerit,
1165 4509 1261 4562 acuto
1276 4510 1352 4563 tono
1366 4500 1595 4576 enuntiabitur,
1608 4510 1643 4563 nt
1660 4501 1809 4579 Metellus,

516 4600 649 4675 cancelli,
671 4601 808 4676 lanistae,
824 4601 981 4679 fenestrae.
1024 4600 1158 4679 Explicit
1180 4600 1218 4662 de
1238 4601 1429 4663 accentibus.

557 4699 631 4761 Erre.
653 4699 691 4761 de
710 4718 776 4761 acc.
800 4696 837 4774 (t.
858 4701 904 4762 VI
923 4719 955 4779 p.
978 4698 1046 4776 274,
1069 4701 1106 4760 22
1127 4697 1184 4776 K).

518 4799 673 4861 Acoentus
692 4810 766 4861 snut
787 4808 861 4875 tres,
880 4809 994 4862 acntus
1014 4800 1118 4879 gravis
1137 4809 1170 4861 et
1192 4799 1414 4862 circumflexus.
1457 4801 1581 4879 Reliqui
1607 4800 1692 4862 enirn
1719 4809 1812 4879 qnat-

517 4909 598 4975 tnor,
636 4900 746 4978 longus
784 4898 887 4961 brevis
924 4898 1001 4960 lenis
1027 4898 1216 4978 adspiratus,
1245 4908 1368 4962 tenores
1394 4900 1501 4979 potins
1533 4918 1630 4979 quarn
1661 4909 1811 4962 accentus
