3942 6130
467 758 542 822 Tim
561 723 752 823 Taammou
767 777 809 823 or
828 779 894 824 aaa
914 763 1020 826 Lnrrn
1040 763 1173 828 Accaus
1435 744 1485 828 57'

171 964 246 1024 mis.
287 960 452 1041 Disyllaba
468 982 543 1025 vero
558 962 695 1042 priorem
713 973 831 1025 acuunt
848 962 900 1025 vel
915 982 987 1025 cum
1004 963 1109 1027 brevis
1125 973 1174 1028 est
1190 974 1326 1044 utraque
1344 975 1379 1028 ut
1395 972 1474 1029 cuns

172 1060 224 1125 vel
237 1080 309 1123 cum
322 1061 478 1141 positione
492 1061 585 1141 longa
599 1072 647 1124 est
661 1071 796 1142 utraque
810 1072 848 1124 ut
861 1063 965 1125 souers
979 1062 1028 1126 vel
1046 1063 1199 1127 alterutra
1214 1065 1370 1144 positione
1380 1065 1473 1146 longa

172 1170 211 1223 ut
220 1160 333 1224 colora
375 1161 408 1224 si
417 1181 493 1224 vero
502 1161 587 1241 prior
598 1160 719 1242 syllaba
729 1172 844 1224 natura
854 1163 947 1242 longa
958 1173 1007 1225 est
1017 1174 1050 1226 et
1061 1182 1194 1243 sequens
1204 1164 1318 1242 brevis,
1329 1166 1473 1228 flectetur

171 1261 257 1341 prior
271 1269 309 1324 ut
324 1262 409 1337 iana,
425 1261 453 1323 si
465 1261 619 1341 posterior
634 1260 726 1340 longa
741 1262 801 1325 erit
815 1262 971 1342 positione
985 1262 1037 1326 vel
1051 1272 1183 1339 natura„
1190 1264 1277 1344 prior
1290 1274 1421 1328 acuetur
1435 1275 1473 1327 ut

170 1361 263 1423 eodan
283 1361 375 1423 docta
416 1360 513 1424 Nulla
534 1361 618 1424 eninr
646 1360 739 1441 longa
761 1361 939 1425 invenietur
966 1363 1071 1442 gravis
1092 1364 1173 1426 siin
1201 1363 1355 1445 disyllabo
1376 1365 1470 1445 prior.

171 1461 213 1523 In
223 1460 393 1541 trisyllabis
403 1460 429 1523 si
437 1462 542 1524 media
551 1461 655 1524 brevis
664 1460 769 1537 luerit,
781 1481 876 1541 quam
886 1481 986 1543 paene
995 1461 1141 1525 ultimam
1152 1464 1295 1539 dicimus,
1304 1484 1368 1527 non
1379 1464 1473 1528 dubie

171 1560 262 1639 mavi
276 1571 408 1624 accentu
423 1561 656 1640 pronuntiatur,
673 1580 711 1624 ac
727 1562 835 1624 meum
851 1562 955 1642 prima
971 1562 1037 1625 eius
1052 1563 1113 1625 hoc
1127 1574 1177 1626 ast
1192 1564 1287 1629 tertia
1302 1564 1345 1626 ab
1360 1564 1473 1627 ultima

170 1670 303 1723 acuetur
317 1662 400 1724 utin
414 1662 533 1737 Catulo,
548 1661 575 1723 si
589 1681 664 1723 vero
679 1661 789 1724 eadem
803 1661 897 1741 longa
911 1670 958 1724 est
974 1662 1105 1725 interest
1121 1683 1215 1742 quem
1229 1664 1271 1726 ad
1285 1665 1415 1727 modum
1430 1665 1473 1726 sit

161 1760 275 1841 longa.
317 1761 350 1824 Si
360 1761 443 1824 enim
456 1770 570 1823 natura
582 1759 674 1840 longa
686 1769 735 1822 est
746 1761 910 1840 brevisque
922 1761 1046 1837 ultima,
1058 1763 1161 1826 media
1172 1763 1310 1826 flectitur
1321 1772 1358 1826 ut
1369 1765 1396 1827 C
1397 1764 1471 1826 etint-

170 1882 228 1944 gus
248 1863 426 1936 Mancinum,
447 1861 474 1922 si
493 1880 568 1923 vero
586 1860 690 1923 media
710 1859 802 1940 longa
822 1860 882 1923 erit
900 1871 1015 1924 natura
1035 1870 1068 1924 et
1088 1871 1226 1925 extrema
1246 1862 1349 1942 longa,
1369 1863 1473 1927 media

171 1970 304 2025 acuetur
316 1970 354 2023 ut
366 1961 478 2023 Catoni
490 1961 641 2036 Ciceroni,
655 1960 707 2023 vel
720 1960 747 2022 si
759 1960 915 2041 positione
928 1960 1022 2042 longa
1035 1961 1095 2024 erit
1107 1962 1221 2037 media,
1236 1971 1331 2025 acuta
1344 1963 1472 2026 durabit

171 2061 407 2142 qualiscumque
423 2060 594 2122 novissima
609 2059 704 2123 luerit
720 2070 757 2122 ut
772 2061 912 2123 canino
927 2061 1047 2124 Camila
1063 2062 1204 2124 Metabus
1220 2063 1260 2124 M
1260 2061 1351 2125 ettilo.

212 2161 402 2224 Pronomina
415 2169 521 2223 autem
537 2144 618 2238 quae
632 2159 749 2240 duplici
761 2161 857 2222 modo
870 2160 1067 2224 declinantur
1081 2161 1114 2223 id
1127 2171 1176 2224 est
1190 2170 1248 2224 aut
1261 2162 1472 2242 corripiuntur

170 2272 230 2325 aut
246 2262 472 2342 producuntur,
490 2259 626 2323 mediam
645 2259 798 2340 syllabam
817 2260 850 2321 in
867 2260 1007 2340 gerritivo
1025 2279 1099 2324 casu
1117 2272 1236 2324 acuunt
1253 2263 1355 2340 ipsuis
1372 2263 1469 2325 ultus.

170 2364 294 2424 Horum
312 2361 339 2423 si
355 2360 509 2423 secundae
524 2358 635 2422 breves
651 2359 740 2435 fiant,
755 2360 877 2440 primae
893 2369 1005 2424 acutae
1021 2370 1114 2423 erunt
1129 2371 1167 2423 ut
1183 2362 1284 2441 ipsias
1299 2361 1395 2424 illics.
1430 2362 1471 2424 ¹Si

171 2483 247 2525 vero
267 2462 378 2542 longae
395 2470 487 2523 erunt
508 2460 638 2536 mediae,
656 2460 777 2539 primae
792 2480 913 2539 graves,
932 2462 1087 2524 secundae
1107 2462 1237 2524 inflexae
1254 2474 1347 2526 erunt
1366 2472 1403 2525 ut
1423 2470 1470 2526 dc-

92 2610 95 2619 .
170 2562 246 2624 cidit
259 2562 304 2623 sol
318 2570 352 2624 et
366 2560 472 2622 norwit
485 2561 642 2623 hminem.
684 2560 767 2640 Ergo
780 2560 901 2640 primae
916 2570 1029 2623 acutae
1043 2570 1117 2623 sunt
1128 2580 1198 2623 cum
1213 2561 1334 2625 mediae
1349 2561 1469 2627 breves.

170 2663 255 2725 Cum
266 2681 341 2724 vero
351 2660 472 2723 mediae
483 2659 603 2739 longae,
614 2659 666 2722 vel
676 2669 788 2722 acutae
798 2659 849 2722 vel
860 2660 1002 2723 inflexae:
1013 2670 1125 2723 acutae
1136 2681 1208 2723 cum
1218 2661 1330 2742 longae
1340 2661 1471 2725 ultimae

170 2772 209 2824 ut
223 2763 355 2824 mulino
366 2761 493 2822 medeae
504 2760 645 2838 manipli.
686 2760 775 2822 Haec
787 2778 807 2821 a
820 2760 1031 2839 superioribus
1045 2756 1136 2839 [quae
1148 2770 1223 2823 sunt
1235 2761 1298 2823 alia
1310 2770 1348 2824 ut
1361 2760 1470 2824 Catul-

170 2861 221 2924 lus
239 2857 424 2944 Sallustius]‚
442 2859 502 2922 hoc
519 2858 668 2923 differunt
686 2860 770 2938 quod
787 2858 840 2922 illa
857 2870 1064 2923 consonantes
1080 2860 1230 2924 dnuems
1247 2861 1376 2937 habent,
1393 2861 1470 2924 haec

170 2960 318 3041 quamvis
332 2969 366 3022 et
380 2960 480 3040 ipsam
496 2978 596 3039 paene
611 2957 755 3022 ultimam
771 2959 926 3039 positione
942 2958 1061 3023 habent
1076 2959 1212 3040 longam,
1228 2960 1345 3023 nullam
1363 2970 1471 3024 tamen

168 3063 204 3124 in
221 3060 357 3124 secunda
374 3058 495 3139 syllaba
511 3079 548 3121 er
565 3059 809 3121 consonantibus
826 3058 885 3120 sibi
902 3060 1039 3122 retinent
1055 3060 1109 3122 sed
1126 3060 1159 3121 in
1176 3060 1270 3123 tertia
1287 3070 1362 3123 sunt
1378 3061 1468 3123 duae.

169 3163 311 3240 Ideoque
320 3161 440 3222 iactum
451 3169 500 3222 est
512 3168 550 3221 ut
560 3158 664 3221 media
677 3158 754 3221 baec
766 3158 1035 3241 nominatcnebras
1047 3168 1081 3222 et
1093 3159 1219 3223 letam
1231 3169 1325 3222 acuto
1338 3171 1469 3223 accentu

167 3261 273 3343 prima
286 3248 407 3341 syllaba
418 3258 580 3339 proferret,
594 3267 626 3320 et
638 3258 790 3337 maniplos
803 3267 836 3321 et
841 3260 990 3339 fenestras
1002 3278 1102 3339 paene
1114 3259 1228 3322 ultima
1240 3259 1361 3340 syllaba
1374 3270 1469 3322 acuta

168 3363 338 3425 diceretur:
356 3359 441 3439 quod
459 3358 587 3438 quidam
604 3357 681 3421 illud
699 3377 796 3438 genus
813 3358 951 3438 syllabae
967 3377 1067 3438 paene
1083 3358 1213 3422 ultimae
1230 3360 1358 3422 omnino
1375 3358 1469 3422 breve

158 3470 374 3544 putaverint,
391 3459 465 3538 quia
479 3479 544 3521 non
557 3457 775 3521 terminaretur
790 3467 980 3521 consonante
984 3479 993 3536 ;
1009 3458 1137 3537 quidam
1150 3459 1234 3538 quia,
1247 3459 1320 3522 licet
1332 3478 1396 3521 non
1409 3469 1470 3522 ter-

168 3562 342 3623 minaretur
360 3568 561 3634 consonante,
579 3558 721 3638 prorima
739 3557 860 3638 syllaba
878 3576 898 3619 a
916 3558 1039 3621 duabus
1056 3558 1206 3638 inciperet
1224 3559 1470 3622 consonantibus

168 3671 203 3724 et
217 3662 301 3740 quod
312 3668 428 3723 natura
439 3659 615 3723 litterarum
627 3659 654 3720 L
665 3667 699 3720 et
710 3658 739 3719 R
751 3657 825 3736 quia
836 3657 939 3719 mollis
950 3667 999 3721 est
1010 3677 1094 3720 nunc
1105 3657 1230 3738 longam
1242 3678 1326 3721 nunc
1337 3658 1465 3721 brevem

169 3759 324 3840 syllabam
337 3759 444 3822 iaciat.
566 3830 569 3833 ,

210 3859 391 3923 Martianus
405 3857 534 3938 Capella
548 3858 600 3919 III
613 3878 644 3937 p.
660 3857 709 3932 67,
725 3855 760 3919 17
775 3858 865 3936 Eyss.

168 3958 267 4021 Nulla
289 3970 396 4020 autem
419 3978 481 4020 vor
503 3958 649 4019 Romana
671 3957 804 4020 duarum
826 3955 878 4019 vel
899 3955 1036 4035 plurium
1059 3955 1249 4036 syllabarum
1273 3968 1368 4019 acuto
1391 3978 1468 4019 sono
1597 3993 1608 4018 ›

169 4058 368 4133 terminatur,
379 4057 525 4119 inflexum
538 4066 645 4118 autem
659 4076 721 4119 non
736 4055 813 4118 alias
825 4065 1018 4136 postremum
1031 4056 1129 4120 habet
1141 4056 1202 4119 nisi
1215 4057 1303 4119 cuius
1315 4058 1468 4136 posterior

169 4177 245 4239 pars
257 4158 292 4219 in
305 4157 457 4237 syllabam
472 4166 586 4218 natura
599 4156 723 4235 longam
738 4155 873 4218 excurrit
886 4166 924 4218 ut
937 4159 1004 4236 ergo
1017 4165 1050 4219 et
1063 4158 1149 4235 poni.

210 4257 385 4320 Contentus
399 4256 549 4318 orationis
562 4257 745 4335 plerumque
759 4256 872 4318 adimit
885 4265 942 4318 aut
956 4265 1062 4318 mutat
1074 4256 1218 4336 proprios
1226 4274 1325 4317 sonos
1339 4255 1468 4335 singulis

168 4356 309 4420 vocibus.
350 4356 471 4418 Adimit
481 4355 530 4417 his
539 4375 620 4434 quae
630 4355 805 4417 referuntur
814 4356 856 4418 ad
866 4355 985 4434 aliquid
996 4374 1127 4434 sequens
1135 4364 1173 4417 ut
1183 4354 1467 4435 praepositionibus
1493 4422 1498 4429 ,

168 4465 239 4519 ante
252 4458 362 4519 arban.
403 4457 487 4518 Nam
502 4454 553 4517 bic
568 4462 637 4517 ante
649 4456 786 4534 perdidit
800 4464 929 4517 acutum
943 4474 1055 4517 somna
1069 4454 1182 4534 prioris
1195 4454 1342 4535 syllabae.
1384 4456 1465 4517 Item

169 4565 238 4637 post
259 4563 371 4619 maros.

209 4658 343 4721 Mutant
364 4665 510 4719 accentus
531 4655 688 4717 adiunctis
707 4654 837 4717 vocibus
857 4675 912 4734 que
932 4674 963 4716 ve
982 4674 1031 4729 ne,
1052 4673 1124 4716 cum
1145 4663 1252 4716 tamen
1272 4653 1466 4733 complexiva

168 4757 348 4820 coniunctio
367 4765 416 4819 est
434 4776 499 4836 qna
518 4774 549 4816 ve
570 4752 661 4830 [cum]
681 4754 836 4834 expletiva
856 4763 893 4816 ut
911 4747 1109 4832 ‘Latiumque
1128 4772 1290 4832 augescere
1307 4752 1413 4815 vultis'
1433 4763 1466 4815 et

170 4856 347 4920 ‘stimuldve
359 4876 464 4918 meum
477 4855 539 4916 cor'
552 4854 637 4933 apud
649 4854 774 4916 Attium
786 4853 820 4915 in
832 4852 997 4932 Pelopidis.
1038 4854 1221 4931 Numquam
1234 4852 1382 4931 migravit
1394 4871 1466 4914 acu-
