3996 6146
523 802 561 862 32
982 802 1090 881 Jrrrns
1110 802 1142 863 S.
1164 801 1362 863 Mchrronn

524 999 669 1062 venimus
682 1000 718 1061 in
733 1000 843 1079 primo,
857 1000 942 1079 quod
958 1008 1007 1062 est
1021 1006 1051 1063 ὲν
1063 1005 1199 1075 πρώτοις,
1210 1009 1244 1061 et
1256 1019 1339 1079 quae
1354 999 1502 1062 diremnt
1512 1009 1636 1063 veteres
1652 1021 1672 1062 o
1686 1020 1774 1062 nrum
1789 1009 1826 1063 ot

524 1101 561 1162 ab
577 1099 660 1163 bine:
675 1099 784 1163 oblim
799 1119 897 1161 annos
911 1100 1008 1161 decem
1023 1108 1115 1161 notras
1130 1106 1182 1174 est,
1196 1101 1281 1181 quod
1297 1110 1346 1163 est
1361 1108 1430 1162 onte
1441 1101 1540 1161 decem
1552 1120 1649 1162 annos
1664 1108 1755 1162 mus
1770 1108 1824 1163 est.

524 1200 606 1262 Item
618 1199 750 1278 posthac,
762 1200 896 1287 amhae,
907 1200 1023 1276 exinde,
1034 1200 1151 1276 dubim,
1163 1200 1202 1261 ad
1212 1220 1316 1280 usquc,
1328 1200 1365 1261 ab
1375 1220 1479 1280 usque,
1490 1210 1524 1262 et
1534 1199 1657 1279 poetice
1667 1200 1824 1276 desubito,

522 1301 559 1362 dc
573 1306 700 1379 repenle,
715 1300 752 1361 de
765 1300 937 1378 inrprooiso.
980 1299 1120 1377 Quomm
1136 1301 1293 1380 quaedam
1308 1299 1397 1362 velut
1411 1319 1509 1362 unam
1523 1310 1648 1379 partem
1669 1299 1827 1362 orationis

522 1399 740 1479 compositam,
756 1398 908 1462 nonnulla
923 1399 1047 1479 poetice
1062 1400 1259 1480 proferimus.

563 1498 734 1562 Diomedes
747 1520 778 1579 p.
792 1498 862 1574 407,
879 1501 916 1561 19
930 1500 985 1560 Κ.;
999 1520 1051 1561 see
1065 1498 1245 1562 Palaemon.

563 1598 734 1662 Diomedes
746 1619 778 1679 p.
792 1600 862 1676 416,
879 1599 916 1661 14
930 1600 985 1660 K.:
999 1620 1051 1661 see
1064 1599 1238 1664 Charisius.

563 1698 735 1762 Diomedes
747 1719 779 1779 p.
793 1699 863 1775 430,
879 1700 917 1761 29
931 1700 973 1760 K.

522 1800 682 1862 Accentua
695 1808 744 1862 est
760 1808 873 1862 acutus
883 1798 934 1861 vel
948 1798 1054 1880 gravis
1064 1799 1115 1862 vel
1130 1798 1245 1863 inflexa
1260 1798 1359 1862 elatio
1367 1799 1521 1862 orationis
1536 1798 1664 1861 vocisve
1680 1797 1820 1862 intentio

524 1898 575 1962 vel
595 1898 758 1962 inclinatio
779 1908 874 1963 acuto
895 1908 954 1962 aut
974 1899 1087 1961 inflexo
1109 1919 1187 1962 sono
1208 1919 1317 1979 regens
1338 1899 1446 1963 verba.
1486 1901 1571 1961 Nam
1594 1898 1740 1961 utnulla
1760 1918 1823 1960 vox

524 2000 592 2062 sine
605 2000 707 2062 vocali
721 2009 779 2075 est,
795 1999 841 2063 ita
855 1999 921 2062 sine
935 2010 1067 2063 accentu
1082 1999 1168 2063 nulla
1182 2011 1242 2076 est;
1258 2010 1291 2062 et
1305 2009 1354 2062 est
1367 2009 1526 2075 accentus,
1542 2009 1579 2061 ut
1593 1998 1723 2080 quidam
1737 2008 1823 2062 recte

524 2108 730 2179 putaverunt,
747 2098 836 2162 velut
852 2100 959 2162 anima
975 2098 1074 2162 vocis.

563 2199 632 2262 The
642 2198 818 2280 expression
829 2201 934 2262 onimo
944 2201 1021 2261 vocis
1032 2220 1131 2262 seems
1142 2208 1177 2261 to
1187 2199 1312 2262 referto
1323 2209 1420 2262 stress
1436 2207 1560 2275 accent;
1570 2198 1620 2261 ior
1637 2197 1670 2261 in
1682 2198 1737 2260 the
1753 2198 1823 2260 lan·

523 2298 688 2379 gunges,in
702 2298 803 2362 which
815 2308 911 2361 stress
923 2309 1033 2362 accent
1045 2298 1290 2380 predominates,
1297 2299 1352 2361 the
1361 2298 1510 2362 accentis
1522 2298 1635 2360 indeed
1650 2299 1704 2361 the
1716 2299 1823 2361 anima

524 2400 697 2467 voris-rthe
709 2398 790 2461 vital
803 2397 955 2479 principle
970 2399 1003 2460 oi
1017 2399 1073 2461 the
1087 2400 1184 2461 word.
1224 2400 1326 2462 There
1340 2398 1367 2461 is
1381 2398 1614 2461 unmistakable
1625 2397 1774 2461 evidence
1789 2397 1822 2461 oi

524 2508 621 2561 stress
633 2508 744 2562 accent
757 2497 790 2559 in
804 2499 858 2561 the
869 2498 1029 2578 following
1040 2518 1172 2579 passage
1184 2498 1216 2561 of
1230 2498 1397 2579 Pompeius
1412 2496 1455 2579 (p.
1474 2500 1539 2574 126,
1554 2499 1590 2560 27
1605 2496 1663 2574 K).

564 2599 607 2661 Et
625 2598 702 2688 quid
720 2607 769 2660 est
786 2598 854 2679 ipse
871 2601 1036 2661 accentus?
1077 2599 1129 2661 Ita
1147 2597 1295 2661 definitus
1313 2608 1375 2661 est:
1394 2606 1530 2660 accentus
1549 2605 1591 2660 est
1608 2598 1698 2677 quusi
1715 2597 1820 2660 anim

524 2699 611 2774 eoric,
630 2698 663 2762 id
681 2707 729 2760 est
747 2707 895 2762 accentus
913 2708 961 2760 est
979 2698 1086 2761 anima
1104 2699 1271 2761 verborum
1288 2707 1322 2760 et
1339 2698 1446 2761 anima
1462 2696 1550 2761 vocis
1562 2696 1817 2778 uniuscuiusque.

524 2798 795 2875 Quemadmodum
807 2817 920 2878 corpus
934 2800 1077 2861 nostrum
1090 2819 1154 2862 non
1166 2806 1273 2878 potest
1288 2818 1355 2861 esse
1367 2797 1435 2860 sine
1449 2798 1567 2873 anima,
1582 2796 1628 2860 sic
1643 2817 1701 2859 nec
1722 2796 1822 2860 ullum

524 2898 655 2961 verbum
679 2918 737 2960 nec
760 2897 843 2960 ullus
866 2917 968 2960 sermo
992 2899 1059 2960 sine
1083 2908 1215 2960 accentu
1239 2908 1346 2978 potest
1370 2918 1446 2960 esse.
1487 2899 1530 2960 Et
1555 2896 1821 2978 quemadmodum

523 2997 630 3060 anima
648 3007 756 3060 nostra
772 2996 806 3059 in
825 3006 895 3060 toto
912 3017 1042 3078 corpore
1058 2997 1128 3078 ipsa
1144 2997 1216 3079 plus
1233 3006 1349 3078 potest,
1363 2997 1409 3060 sic
1426 2997 1522 3060 etiam
1541 2996 1594 3060 illa
1611 2996 1733 3077 syllaba
1750 2998 1822 3077 plus

524 3097 1111 3178 sonulintotoverbo,quaeaccentum
1120 3098 1227 3161 habet.
1270 3100 1353 3177 Ergo
1362 3097 1415 3160 illa
1424 3097 1556 3177 syllaba,
1566 3105 1820 3177 quaeaccentum

524 3197 622 3261 habet
635 3197 706 3277 plus
721 3207 824 3275 sonat,
840 3198 928 3277 quusi
942 3198 1012 3276 ipsa
1028 3198 1112 3260 habet
1126 3198 1267 3260 maiorem
1284 3206 1463 3277 potestatem.

563 3296 733 3360 Diomedes
746 3319 777 3378 p.
792 3298 861 3374 431,
879 3299 892 3358 l
910 3298 951 3358 K.

524 3399 681 3460 Accentus
694 3407 742 3460 est
755 3397 858 3460 dictus
871 3397 912 3459 ab
925 3396 1107 3473 accinendo,
1121 3398 1205 3477 quod
1219 3396 1262 3458 sit
1275 3397 1365 3477 quasi
1378 3397 1507 3477 quidam
1520 3396 1670 3475 cuiusque
1682 3394 1820 3476 syllabae

524 3506 646 3559 cantus.
687 3497 781 3576 Apud
795 3497 930 3560 Graecos
943 3516 1068 3576 quoque
1080 3496 1150 3560 ideo
1163 3502 1313 3576 rpooqltu
1327 3497 1452 3573 dicitur,
1467 3496 1541 3575 quia
1553 3502 1735 3576 προσᾴδεται
1754 3503 1818 3561 ταῖς

525 3602 700 3671 συλλαβαῖς.
741 3598 898 3659 Accentus
925 3596 1052 3675 quidam
1079 3596 1209 3678 fastigio
1241 3605 1444 3672 vocavenmt,
1479 3596 1564 3675 quod
1596 3595 1630 3658 in
1665 3594 1822 3683 capitibus¹

524 3696 699 3758 litterarum
716 3705 918 3775 ponerentur3
934 3695 989 3758 alii
1004 3704 1116 3758 huores
1132 3696 1182 3758 vel
1197 3717 1286 3759 sonos
1301 3695 1475 3776 appellant;
1491 3716 1555 3757 non
1571 3694 1649 3757 nulli
1663 3694 1821 3757 cucumim

524 3795 658 3858 retinere
669 3793 856 3857 maluerunt.
898 3797 979 3859 Sunt
990 3816 1064 3858 vero
1076 3804 1150 3873 tres,
1161 3805 1274 3859 acutus
1285 3795 1391 3876 gravis
1402 3806 1435 3858 et
1447 3796 1502 3875 qui
1512 3816 1549 3858 ex
1562 3795 1684 3857 duobus
1695 3801 1820 3856 constat

456 3970 462 3988 ι
524 3895 749 3958 circumflexus

564 3996 611 4057 Ex
626 3995 676 4057 his
691 4004 803 4057 acutus
818 3994 851 4056 in
868 3994 1019 4074 correptis
1034 4013 1155 4074 semper
1171 3995 1329 4058 interdum
1345 3994 1508 4075 productis
1523 3993 1652 4074 syllabis
1667 4003 1820 4068 versatur,

523 4094 655 4157 inflexus
669 4094 702 4157 in
716 4094 764 4157 his
777 4094 1099 4174 quaeproducrmtu15
1112 4095 1217 4175 gravis
1228 4104 1336 4158 autem
1350 4115 1406 4174 per
1418 4115 1452 4157 se
1464 4113 1637 4174 numquam
1652 4092 1821 4156 consistere

522 4195 555 4256 in
573 4193 636 4257 ullo
654 4194 750 4257 verbo
766 4202 882 4274 potest,
900 4195 955 4258 sed
971 4194 1005 4256 in
1021 4195 1070 4257 his
1085 4194 1119 4257 in
1137 4194 1251 4275 quibus
1273 4195 1404 4257 inflexus
1421 4204 1469 4256 est
1486 4204 1543 4256 aut
1566 4203 1679 4256 acutus
1702 4202 1821 4255 ceteras

524 4293 660 4373 syllabas
670 4294 802 4357 obtinet.
845 4294 1021 4357 inGraecis
1030 4292 1138 4374 itaqire
1147 4294 1542 4357 dictionibuscumacutus
1551 4293 1614 4356 tria
1624 4292 1692 4355 lora
1703 4301 1820 4368 teneat,

523 4393 669 4457 ultimum
696 4393 924 4473 paenultimum
949 4392 1263 4476 antepaenultimum,
1288 4392 1373 4456 ultra
1398 4412 1570 4473 numquam
1599 4390 1713 4473 (neque
1738 4391 1821 4454 enim

524 4493 618 4556 refert
630 4492 765 4574 plurium
777 4493 967 4573 syllabarum
979 4512 1046 4555 esse
1056 4502 1179 4572 partem
1191 4492 1367 4569 orationis),
1380 4494 1465 4573 apud
1476 4493 1608 4555 Latinos
1619 4492 1682 4555 duo
1694 4501 1820 4554 tantum

523 4592 592 4655 loca
611 4603 708 4668 tenet,
726 4592 955 4673 paenultimum
974 4604 1007 4656 et
1025 4592 1341 4674 antepaenultimum;
1360 4592 1574 4655 circumflexus
1591 4601 1710 4667 autem,
1729 4600 1821 4672 quot·

524 4692 601 4755 libet
619 4692 808 4771 syllabarum
827 4692 870 4754 sit
887 4692 995 4768 dictio,
1013 4712 1076 4755 non
1094 4692 1215 4755 tenebit
1231 4693 1293 4756 nisi
1309 4692 1538 4772 paenultimum
1557 4691 1669 4754 locum.
1711 4690 1821 4754 Omnis

523 4793 619 4872 igitur
630 4812 703 4871 pars
714 4793 866 4855 orationis
877 4792 958 4854 hanc
970 4792 1124 4855 rationem
1136 4792 1402 4871 pronuntiationis
1413 4793 1543 4855 detinet.

563 4892 673 4955 Omnis
688 4913 749 4955 vox
763 4891 980 4971 monosyllaba
993 4891 1113 4972 aliquid
1128 4892 1315 4971 significans,
1332 4893 1358 4954 si
1372 4892 1476 4954 brevis
1491 4902 1549 4966 est,
1564 4900 1705 4967 acuetur,
1720 4901 1758 4953 ut
1773 4892 1820 4966 ab,
