3942 6130
503 680 543 740 42
964 678 1071 756 Ιακεε
1092 677 1123 739 S.
1146 677 1344 738 Manuona·

504 887 700 960 paroxytona
711 888 795 953 sunt,
807 877 834 938 si
846 878 888 939 ad
901 876 1037 940 Graecos
1047 876 1204 956 respicias,
1216 876 1270 956 qui
1281 875 1326 938 sic
1338 876 1461 938 iaciunt
1474 872 1627 951 Σιρδενσαὲ
1640 881 1808 953 omae,-

506 1001 566 1055 τος;
583 988 780 1058 paroxytona
791 986 909 1052 autem,
922 976 949 1039 si
965 978 1007 1039 ad
1024 985 1165 1039 nostram
1182 976 1305 1057 redigas
1321 975 1472 1056 regulam:
1490 996 1553 1057 quo
1564 978 1659 1040 modo
1671 977 1808 1040 dicimus

505 1079 652 1159 sapientis
668 1078 816 1153 audentis,
832 1077 876 1139 sic
890 1078 1054 1139 Simoentis
1072 1077 1308 1139 Thermodontis.
1350 1077 1470 1138 Eadem
1486 1076 1609 1139 ratione
1623 1078 1808 1146 Euandrum

505 1186 678 1258 tyrannum,
702 1177 792 1257 quasi
815 1177 979 1239 amandum
999 1177 1194 1252 Britannum,
1215 1175 1409 1256 paenultima
1432 1187 1537 1251 acuta,
1554 1176 1629 1256 quia
1651 1176 1809 1256 positione

505 1278 598 1358 longa
619 1287 678 1354 est,
699 1276 894 1357 proferimus,
916 1277 1066 1339 Latinum
1087 1276 1187 1338 secuti
1207 1286 1419 1356 praeceptum.
1462 1277 1504 1339 Et
1525 1297 1632 1338 rursus
1652 1276 1686 1338 in
1706 1276 1807 1339 isdem
1873 1314 1878 1325 ·

506 1377 686 1440 nominibus
707 1376 831 1440 tertiam
850 1376 892 1439 ab
912 1376 1023 1438 ultima
1042 1396 1153 1438 acuere
1171 1376 1342 1438 absurdum
1362 1395 1426 1437 non
1445 1387 1494 1438 est
1513 1387 1546 1439 et
1565 1376 1611 1438 ita
1631 1376 1807 1452 enuntiare,

505 1479 685 1540 Euandrum
721 1483 895 1556 tyrannum,
921 1486 958 1538 ut
991 1476 1102 1539 Graeci
1134 1482 1279 1550 Εὔανδρον
1312 1480 1451 1549 τύραννον
1479 1476 1600 1538 dicunt.
1667 1475 1808 1538 Nomina

506 1577 656 1640 utrolibet
677 1586 783 1639 tenore
807 1577 945 1657 proferre
966 1573 1089 1650 [iudicio
1109 1596 1189 1656 opus
1207 1587 1266 1650 est,
1293 1595 1357 1655 quo
1383 1576 1415 1638 id
1434 1576 1542 1656 potius
1561 1576 1695 1651 dicatur,
1717 1575 1805 1656 quod

506 1678 634 1740 minime
646 1685 797 1756 respuant
809 1674 921 1752 aures]‚
932 1677 1009 1738 dum
1022 1675 1117 1737 modo
1135 1675 1264 1737 auribus
1283 1696 1320 1737 eo
1339 1677 1521 1737 serviamus.
1563 1677 1602 1737 In
1616 1675 1808 1755 quibusdam

506 1777 590 1840 enim
602 1776 782 1849 nominibus
792 1776 866 1839 licet
877 1776 983 1838 videre
994 1775 1159 1856 plerosque
1169 1775 1247 1838 recti
1259 1794 1349 1837 casus
1366 1775 1514 1854 ambiguo
1533 1785 1641 1838 tenore
1659 1775 1808 1855 deceptos

507 1879 655 1940 mendose
667 1876 784 1939 oblicos
796 1875 943 1955 proferre,
956 1884 994 1937 ut
1006 1875 1060 1955 qui
1072 1874 1105 1936 in
1117 1875 1239 1953 patrico
1251 1893 1326 1937 casu
1337 1876 1480 1937 Euandri
1491 1884 1525 1938 et
1535 1882 1660 1954 tyranne
1672 1875 1808 1954 primam

507 1977 660 2058 syllabam
685 1986 804 2038 acuunt
828 1975 935 2056 potius
959 1994 1054 2054 quam
1079 1974 1226 2052 mediam,
1251 1973 1369 2036 nullam
1394 1975 1493 2036 secuti
1517 1975 1680 2037 rationem.
1722 1975 1808 2037 Nam

507 2096 609 2156 neque
626 2096 646 2138 a
667 2075 793 2139 Graecis
811 2095 848 2138 ea
866 2074 1004 2151 nomina,
1024 2094 1096 2137 cum
1114 2092 1188 2136 casu
1207 2074 1268 2136 isto
1288 2084 1372 2148 sunt,
1390 2074 1480 2137 aliter
1499 2093 1595 2154 quarn
1613 2074 1809 2153 paenultima

507 2185 602 2239 acuta
634 2175 845 2255 proteruntur,
872 2181 1018 2248 Εὐάνδρου
1046 2180 1185 2248 τυράννου
1209 2173 1396 2250 dicentibus,
1422 2193 1479 2236 nec
1505 2193 1627 2236 rursum
1654 2193 1673 2235 a
1705 2173 1808 2250 nobis,

509 2276 582 2357 quia
605 2274 800 2356 paenultima
823 2273 978 2354 positione
999 2273 1090 2353 longa
1112 2292 1233 2353 semper
1256 2274 1396 2335 acuenda
1417 2273 1508 2335 nobis
1528 2283 1585 2336 est.
1629 2270 1746 2347 [Tertia
1766 2272 1809 2335 ab

508 2375 661 2439 ultima'a
682 2393 745 2436 non
766 2373 859 2439 nullis
879 2373 1011 2436 acuitur.
1053 2374 1138 2435 Nam
1158 2371 1385 2453 paenultimam
1405 2373 1476 2435 acui
1497 2383 1564 2435 tam
1584 2373 1700 2435 Latina
1720 2372 1810 2436 iubet

508 2475 601 2551 ratio,
621 2474 694 2554 quia
720 2474 812 2554 longa
837 2483 896 2550 est,
916 2492 1011 2553 quam
1032 2472 1255 2552 Graecaque
1274 2477 1472 2549 παροξυτόνως
1491 2470 1623 2548 dicunt]
1664 2472 1755 2535 Idem
1774 2472 1807 2534 in

508 2575 618 2638 dativo
637 2573 839 2653 ablativoque
858 2591 933 2635 casu
952 2573 1140 2635 servandum
1160 2581 1218 2648 est,
1238 2582 1276 2657 ut
1295 2592 1366 2634 cum
1385 2573 1471 2652 apud
1490 2571 1658 2652 Vergilium
1679 2572 1810 2652 legimus

807 2672 966 2752 Amphion
978 2672 1130 2737 Dircaeus
1141 2671 1175 2733 in
1188 2673 1307 2734 Actaeo
1318 2672 1502 2752 Aracyntho

510 2784 543 2836 et

698 2896 701 2901 ·
822 2871 914 2948 Quod
924 2871 991 2933 fieri
1001 2870 1081 2934 terro
1092 2870 1251 2950 liquidove
1260 2881 1367 2950 potest
1376 2871 1501 2947 electro,

509 2973 586 3035 item
598 2972 768 3034 ‘Centauro
779 2971 937 3034 invehitur
954 2972 1077 3051 magna’
1095 2981 1129 3034 et
1147 2971 1298 3052 ‘Sergesto
1315 2970 1529 3051 Mnesthique'
1551 2980 1584 3034 et
1607 2970 1810 3050 ‘classemque

511 3073 568 3134 sub
595 3073 664 3152 ipsa
689 3071 875 3134 Antandro!
916 3072 1005 3133 Haec
1029 3071 1135 3133 omnia
1166 3070 1295 3133 nomina
1324 3072 1497 3150 Aracyntho
1528 3075 1628 3133 electro
1659 3072 1809 3134 Centauro

509 3174 642 3253 Sergesto
658 3172 817 3233 Antandro
834 3169 1029 3250 paenultima
1045 3181 1140 3232 acuta
1155 3170 1367 3249 proferuntur,
1380 3171 1526 3250 quamvis
1539 3180 1624 3233 recto
1638 3181 1671 3233 et
1683 3189 1809 3233 accusa·

511 3272 578 3334 tivo
596 3291 670 3334 casu
685 3280 818 3351 possunt
833 3279 960 3333 acutam
976 3270 1103 3333 tertiam
1119 3270 1161 3332 ab
1178 3270 1290 3332 ultima
1306 3270 1430 3332 habere.
1474 3271 1535 3335 Sed
1553 3271 1585 3332 in
1603 3281 1689 3334 recto
1712 3280 1809 3351 atque
1905 3263 1913 3281 “

510 3371 691 3434 accusativo
708 3391 782 3433 casu
800 3371 877 3433 solet
891 3370 1020 3450 quidam
1033 3388 1116 3432 error
1132 3368 1296 3449 plerosque
1309 3370 1460 3445 obtinere,
1474 3369 1529 3450 qui
1542 3369 1574 3431 in
1592 3369 1642 3431 his
1656 3370 1808 3446 versibus,

802 3471 892 3531 Tunc
904 3469 1001 3532 etiam
1014 3468 1090 3531 fatis
1102 3468 1206 3549 aperit
1220 3470 1399 3532 Cassandra
1412 3469 1528 3533 futuris

805 3569 869 3632 Ora

510 3679 544 3733 et
560 3669 631 3732 ‘huc
647 3678 734 3732 casta
751 3668 888 3750 Sibylla‚'
900 3669 1031 3748 inperite
1043 3677 1295 3748 proparoxytona
1311 3668 1431 3731 faciunt
1446 3669 1620 3731 cassandra
1636 3678 1669 3731 et
1683 3668 1810 3748 Sibylla,

512 3789 582 3831 cum
595 3769 628 3832 id
640 3769 746 3831 sinant
758 3789 859 3849 neque
870 3768 985 3831 Latina
997 3777 1174 3848 praecepta,
1188 3768 1262 3848 quia
1274 3777 1323 3830 est
1333 3767 1528 3847 paenultima
1540 3767 1695 3848 positione
1708 3767 1809 3849 longa,

511 3888 613 3948 neque
625 3869 703 3932 adeo
718 3869 847 3945 Graeca,
860 3889 931 3931 cum
950 3869 1015 3930 sint
1030 3878 1228 3947 paroxytona
1248 3873 1429 3942 Κασσάνδρα
1443 3878 1476 3930 et
1490 3872 1635 3945 Σιβύλλα,
1649 3868 1809 3948 quoniam,

511 3968 566 4031 ubi
584 3967 676 4049 longa
694 3978 743 4032 est
760 3967 871 4031 ultima
889 3968 923 4030 in
942 3967 1077 4044 Graecis,
1096 3967 1223 4030 tertiam
1241 3987 1261 4029 a
1279 3987 1311 4029 se
1329 3976 1455 4030 acutam
1474 3987 1541 4031 esse
1558 3987 1622 4029 non
1639 3968 1770 4047 patitur.

553 4064 695 4148 [Sergius]
710 4068 750 4131 de
762 4087 827 4131 acc.
842 4088 873 4147 p.
889 4069 957 4144 528,
972 4068 1010 4128 28
1025 4069 1066 4129 K.

511 4169 669 4231 Accentus
683 4167 808 4247 proprie
823 4167 959 4247 qualitas
975 4165 1165 4246 syllabarum
1181 4176 1240 4243 est,
1255 4167 1315 4229 hoc
1331 4175 1379 4228 est
1394 4166 1545 4228 indicium
1561 4177 1704 4246 tempora
1720 4165 1832 4246 sylla·-

511 4268 623 4331 barum
638 4277 785 4330 naturam
798 4267 1048 4347 positionemque
1061 4265 1247 4345 significans.
1289 4262 1381 4341 [Sunt
1395 4267 1478 4329 enim
1493 4276 1567 4342 tres,
1582 4276 1694 4328 acutus
1708 4265 1813 4346 gravis

511 4368 654 4444 inflexus3
688 4366 721 4428 hi
747 4386 767 4430 a
802 4366 930 4429 Graecis
962 4372 1125 4443 προσῳδίαι
1152 4364 1321 4441 dicuntur]
1363 4366 1445 4446 Ergo
1472 4365 1505 4427 in
1538 4366 1598 4428 hoc
1625 4385 1811 4445 cognoscere

512 4468 607 4530 debes
618 4467 767 4547 quoniam
778 4466 884 4528 littera
894 4465 1012 4528 vocalis
1023 4464 1099 4528 facit
1109 4474 1274 4528 accentum
1287 4467 1458 4528 secundum
1469 4465 1609 4528 ordinem
1621 4464 1813 4546 syllabarum

512 4565 677 4630 cuiuslibet
690 4566 790 4646 partis
804 4565 954 4628 orationis
966 4566 1068 4645 primo
1082 4566 1161 4641 loro,
1176 4565 1312 4628 secundo
1328 4564 1376 4627 vel
1390 4564 1493 4628 tertio.

553 4662 695 4746 [Sergius]
710 4666 750 4729 de
762 4684 827 4728 acc.
842 4685 873 4744 p.
889 4666 959 4743 529,
975 4666 989 4726 l
1006 4666 1037 4726 K
1057 4682 1129 4727 :see
1142 4665 1250 4726 Varro.

554 4763 696 4846 [Sergius]
711 4765 751 4828 de
763 4785 827 4828 acc.
842 4785 873 4844 p.
890 4765 958 4841 531,
975 4765 1057 4826 10·Κ
1076 4784 1147 4827 :see
1161 4765 1269 4827 Varro.
