3942 6130
444 822 520 885 ‘lus
538 822 724 885 Trana-rou
745 838 787 883 or
806 838 872 884 ras
892 823 997 884 Luam
1017 821 1151 884 Accaus
1407 824 1446 885 63

148 1020 280 1084 verbum
300 1041 358 1085 nec
377 1021 459 1084 ullus
477 1040 579 1085 sermo
599 1021 665 1085 sine
683 1031 817 1084 accentu
835 1032 942 1102 potest
961 1042 1037 1085 esse.
1079 1023 1122 1084 Et
1142 1043 1236 1102 quem
1255 1022 1298 1084 ad
1317 1024 1446 1093 modum

148 1121 256 1184 anima
272 1130 381 1184 nostra
398 1121 432 1183 in
449 1131 519 1184 toto
536 1141 665 1202 corpore
682 1122 751 1203 ipsa
767 1121 839 1202 plus
855 1131 972 1203 potest,
990 1121 1036 1184 sic
1053 1122 1150 1185 etiam
1168 1121 1221 1184 illa
1239 1121 1359 1202 syllaba
1376 1121 1447 1202 plus

147 1220 856 1302 sonatintotoverbo,quaeaccentumhabet.
898 1223 981 1303 Ergo
989 1220 1042 1284 illa
1051 1221 1273 1302 syllaba,quae
1281 1232 1446 1285 accentum

148 1321 256 1396 habet,
269 1320 341 1402 plus
353 1330 456 1397 sonat,
470 1320 561 1400 quasi
572 1321 641 1402 ipsa
654 1321 751 1384 habet
763 1321 914 1385 maiorem
927 1331 1129 1402 potestatem.

190 1422 234 1482 Et
248 1440 311 1501 quo
325 1421 419 1482 modo
434 1420 611 1484 invenimus
625 1421 728 1502 ipsum
742 1423 926 1484 accentum?
966 1423 1010 1484 Et
1023 1422 1083 1484 hoc
1099 1422 1251 1485 traditum
1266 1431 1323 1486 est.
1366 1423 1446 1485 Sunt

147 1519 288 1601 plerique
300 1520 355 1600 qui
365 1520 551 1585 naturaliter
561 1541 624 1584 non
635 1521 755 1584 habent
765 1532 875 1585 acutas
886 1541 978 1585 aures
987 1523 1030 1584 ad
1041 1522 1210 1601 capiendos
1220 1522 1278 1585 hos
1288 1531 1447 1598 accentus,

148 1630 182 1682 et
195 1620 354 1683 inducitur
367 1620 427 1684 hac
440 1630 518 1684 arte.
560 1621 657 1702 Finge
670 1621 730 1684 tibi
743 1621 834 1701 quasi
848 1642 957 1684 vocem
971 1621 1137 1685 clamantis
1151 1623 1192 1685 ad
1206 1621 1297 1703 longe
1310 1622 1446 1702 aliquem

147 1720 297 1801 positum.
339 1721 384 1784 Ut
403 1731 483 1803 puta
502 1721 584 1802 finge
603 1720 663 1783 tibi
681 1720 818 1801 aliquem
838 1721 891 1784 illo
910 1720 979 1784 loco
998 1732 1109 1784 contra
1127 1733 1214 1785 stare
1232 1733 1265 1784 et
1284 1722 1386 1784 clama
1405 1724 1447 1785 ad

148 1820 262 1900 ipsum.
304 1820 386 1883 Cum
407 1822 545 1901 coeperis
564 1820 708 1897 clamare,
729 1821 881 1885 naturalis
901 1822 983 1884 ratio
1003 1822 1098 1902 exigit
1118 1831 1156 1884 ut
1176 1842 1272 1884 unam
1293 1821 1446 1900 syllabam

148 1919 220 2000 plus
234 1921 320 1983 dicas
334 1940 354 1983 a
368 1920 496 2000 reliquis
509 1919 592 1983 illius
601 1921 703 1999 verbi;
717 1931 751 1984 et
766 1941 861 2001 quam
874 1921 991 1984 videris
1004 1920 1075 2002 plus
1085 1940 1225 1985 sonarea
1240 1922 1362 1999 ceteris,
1377 1921 1447 2002 ipsa

148 2020 246 2083 habet
268 2029 444 2083 accentum.
486 2022 532 2083 Ut
553 2030 633 2102 puta
657 2021 684 2083 si
707 2020 793 2086 deus
816 2029 923 2096 motor,
948 2040 1029 2101 quae
1051 2020 1121 2102 plus
1145 2026 1254 2085 sonat?
1295 2023 1354 2097 Ro,
1377 2021 1446 2104 ipsa

149 2119 247 2182 habet
258 2132 433 2183 accentum.
473 2119 626 2200 Optimus,
640 2140 721 2201 quae
732 2119 804 2203 plus
816 2125 925 2185 sonat?
966 2120 1025 2183 Illa
1043 2141 1125 2200 quae
1142 2121 1229 2201 prior
1246 2131 1304 2184 est.
1346 2123 1447 2184 Num-

149 2220 226 2299 quid
245 2219 289 2282 sic
307 2230 401 2282 sonat
418 2222 444 2283 a·
460 2230 494 2283 et
511 2240 590 2298 mm,
609 2240 702 2301 quem
721 2221 763 2283 ad
781 2222 909 2283 modum
929 2221 986 2300 opi
1026 2222 1109 2301 Ergo
1127 2240 1253 2284 necesse
1271 2230 1320 2284 est
1338 2220 1446 2284 utilia

148 2318 270 2398 syllaba
289 2319 407 2383 habeat
427 2329 603 2396 accentum,
626 2340 707 2400 quae
725 2319 798 2401 plus
818 2331 912 2383 sonat
932 2340 952 2383 a
973 2320 1109 2401 reliquis,
1131 2322 1257 2400 quando
1279 2320 1445 2384 clamorem

149 2419 306 2498 fingimus.

190 2519 359 2599 Pompeius
370 2539 402 2598 p.
420 2519 487 2604 127,
503 2521 539 2581 12
554 2521 595 2581 K.

148 2618 224 2680 Dixi
233 2620 313 2681 duos
322 2638 389 2682 esse
398 2628 548 2683 accentus
556 2620 643 2701 apud
652 2621 794 2696 Latinos,
803 2628 933 2683 acutum
943 2629 977 2682 et
986 2619 1227 2682 circumflexum.
1269 2620 1312 2681 Et
1322 2639 1446 2683 necesse

147 2727 198 2782 est
213 2727 250 2781 ut
265 2718 298 2781 in
314 2738 377 2782 uno
393 2738 518 2800 quoque
533 2719 629 2783 verbo
643 2729 702 2782 aut
716 2729 829 2784 acutus
844 2720 886 2782 sit
900 2728 958 2782 aut
973 2720 1199 2783 circumflexus.
1241 2719 1356 2782 Gravis
1371 2740 1446 2783 vero

149 2817 201 2881 vel
219 2838 290 2881 cum
308 2827 403 2881 acuto
422 2819 472 2883 vel
491 2840 563 2882 cum
581 2819 777 2883 circumflexo
795 2819 936 2899 ponitur:
954 2819 988 2881 in
1006 2818 1133 2899 reliquis
1152 2818 1290 2900 syllabis,
1309 2819 1364 2881 ubi
1381 2839 1445 2881 non

148 2918 245 2980 fuerit
258 2917 308 2980 ille
321 2918 373 2981 vel
384 2918 445 2991 ille,
459 2920 503 2981 ibi
514 2919 620 2999 gravis
631 2918 701 2982 erit.
743 2921 812 2981 Iam
825 2920 919 2982 modo
932 2918 1106 2996 videamus,
1120 2940 1184 2999 quo
1202 2920 1297 2981 modo
1317 2939 1445 2999 compu-

148 3027 259 3081 tantur
275 3028 433 3081 accentus.
475 3020 597 3094 Afine,
614 3039 678 3081 non
695 3019 737 3081 ab
753 3019 853 3081 initio.
896 3021 940 3082 Ut
956 3029 1036 3098 puta
1052 3020 1288 3095 indoctissimus,
1305 3018 1444 3098 quinque

147 3129 236 3180 sunt:
253 3138 316 3181 non
333 3118 445 3199 incipis
461 3130 642 3198 conputare,
660 3129 766 3182 utrum
782 3119 867 3198 prior
884 3118 1004 3199 syllaba
1021 3119 1138 3182 habeat
1155 3128 1330 3195 accentum,
1347 3118 1380 3181 id
1396 3130 1446 3181 est

147 3220 194 3292 in,
212 3218 285 3280 inde
303 3217 329 3280 si
346 3219 399 3280 doc
416 3218 534 3281 habeat
551 3229 728 3293 accentum,
746 3218 819 3281 inde
837 3219 886 3295 tis,
905 3219 978 3282 inde
996 3221 1034 3295 si,
1053 3219 1126 3282 inde
1144 3240 1222 3282 mus.
1263 3221 1337 3281 Non
1354 3229 1445 3298 potes

147 3317 194 3379 ita
211 3317 253 3379 ab
269 3317 360 3380 initio
375 3327 558 3397 conputare,
575 3319 629 3381 sed
645 3340 665 3380 a
681 3319 742 3380 fine
759 3338 882 3398 quaere,
900 3319 927 3380 si
942 3319 1044 3382 finalis
1059 3319 1185 3382 habeat.
1228 3319 1260 3381 Si
1269 3317 1370 3380 finalis
1381 3339 1444 3380 non

147 3418 304 3493 habuerit,
328 3416 524 3497 paenultima
548 3418 656 3495 habet,
681 3419 708 3481 si
731 3417 926 3497 paenultima
950 3439 1015 3481 non
1038 3419 1195 3493 habuerit,
1220 3418 1315 3480 tertia
1339 3438 1359 3480 a
1384 3418 1446 3480 fine

147 3517 255 3580 habet.
297 3518 340 3579 Et
360 3518 420 3581 hoc
438 3516 510 3598 plus
530 3538 594 3580 non
614 3519 755 3581 ascendit
775 3528 933 3594 accentus,
954 3519 1009 3581 scd
1029 3519 1140 3581 autin
1160 3518 1247 3581 finali
1266 3529 1315 3580 est
1334 3527 1391 3579 aut
1412 3517 1444 3579 in

146 3616 342 3696 paenultima
352 3627 410 3679 aut
420 3617 454 3679 in
466 3617 561 3680 tertia
572 3637 592 3680 a
603 3618 673 3680 fine.
715 3619 754 3679 In
765 3617 834 3679 istis
844 3617 946 3681 tribus
956 3638 976 3680 a
987 3619 1049 3680 fine
1061 3628 1275 3697 conputantur
1285 3627 1444 3680 accentus.

150 3716 200 3778 Ad
221 3726 368 3796 quartam
390 3717 542 3797 syllabam
564 3716 614 3780 vel
636 3718 676 3779 ad
698 3717 843 3796 quintam
864 3738 928 3780 non
949 3719 1092 3781 ascendit
1111 3727 1260 3780 accentus
1281 3738 1338 3779 nec
1358 3717 1444 3796 apud

146 3816 278 3879 Latinos
289 3836 346 3887 nec
357 3818 443 3896 apud
455 3817 600 3893 Graecos,
613 3818 667 3879 sed
679 3827 805 3879 tantum
816 3818 910 3879 modo
923 3827 987 3879 tres
997 3827 1072 3879 sunt
1083 3817 1221 3897 syllabae
1233 3837 1314 3896 quae
1324 3816 1444 3880 habent

146 3927 322 3978 accentum.
364 3917 440 3979 Ideo
457 3927 587 3997 propter
603 3916 686 3980 hanc
703 3936 831 3979 causam
850 3916 924 3979 vide
941 3936 1037 3997 quam
1056 3917 1172 3979 bonam
1192 3917 1380 3979 brevitatem
1398 3917 1446 3978 in·

145 4026 301 4079 venerunt
323 4016 440 4079 Latini.
480 4018 558 4079 Tres
574 4017 708 4079 diximus
724 4037 743 4079 a
761 4016 822 4079 fine
844 4017 960 4079 habere
974 4028 1134 4079 accentus:
1151 4036 1224 4097 ergo
1241 4025 1305 4078 tres
1320 4015 1444 4096 regulae

146 4126 254 4192 erunt,
270 4135 333 4178 una
349 4115 410 4178 erit
425 4115 531 4195 regula
546 4117 586 4179 de
602 4116 725 4192 ultima,
738 4136 801 4178 una
817 4117 856 4179 de
872 4115 1077 4196 paenultima,
1090 4136 1155 4178 una
1170 4117 1210 4179 de
1226 4115 1320 4179 tertia
1336 4136 1356 4179 a
1372 4116 1443 4177 fine.

146 4215 206 4278 Sed
222 4215 298 4295 quid
311 4216 338 4278 si
350 4216 389 4278 de
402 4225 553 4295 quattuor
566 4214 693 4295 syllabis
705 4216 863 4278 constabit
882 4236 1006 4292 nomen,
1019 4210 1095 4295 quid
1114 4215 1141 4278 si
1153 4217 1193 4278 de
1206 4216 1354 4295 quinque,
1368 4215 1444 4295 quid

146 4316 174 4376 si
190 4316 230 4378 de
246 4334 309 4391 sex,
326 4315 402 4394 quid
419 4316 500 4378 side
516 4325 647 4394 septem,
663 4315 740 4393 quid
756 4316 782 4377 si
798 4316 837 4378 de
853 4318 943 4378 octo?
966 4317 1035 4376 Iam
1051 4317 1161 4378 eadem
1177 4315 1259 4378 ratio
1275 4324 1333 4377 est.
1374 4316 1444 4393 Qua

145 4415 286 4479 ratione?
326 4416 412 4476 Nam
432 4415 581 4494 quoniam
600 4426 749 4478 accentus
769 4436 832 4477 non
851 4415 994 4478 ascendit
1012 4414 1096 4478 ultra
1116 4426 1180 4477 tres
1200 4414 1346 4495 syllabas,
1367 4414 1443 4494 quid

145 4534 226 4594 opus
244 4525 292 4577 est
311 4525 348 4576 ut
366 4534 498 4593 quaeras
516 4514 603 4577 aliud
619 4514 653 4577 in
671 4515 741 4576 istis
759 4514 886 4594 syllabis
904 4514 1057 4594 pluribus,
1075 4525 1133 4577 aut
1151 4515 1185 4576 in
1203 4524 1317 4594 quarta
1335 4525 1392 4576 aut
1411 4515 1444 4575 in

146 4613 269 4693 quinta,
287 4634 358 4676 cum
375 4615 416 4676 ad
432 4613 501 4675 illas
518 4614 691 4694 superiores
707 4623 855 4677 accentus
871 4635 936 4678 non
951 4615 1117 4679 ascendat?
1158 4615 1241 4694 Ergo
1258 4615 1367 4677 eadem
1384 4614 1445 4676 erit

145 4714 228 4776 ratio
240 4714 273 4775 in
286 4713 345 4775 illis
355 4713 507 4793 pluribus,
521 4733 601 4793 quae
613 4714 646 4776 in
659 4713 760 4776 tribus
773 4714 911 4793 syllabis,
923 4715 991 4794 ipsa
1003 4714 1037 4776 in
1049 4735 1102 4776 sex
1114 4713 1252 4794 syllabis,
1263 4714 1333 4794 ipsa
1345 4714 1442 4776 etiam

144 4814 179 4874 in
196 4822 278 4875 octo.
320 4814 403 4893 Ergo
420 4813 464 4876 sic
481 4823 695 4894 conputantur
711 4824 859 4876 accentus
876 4834 896 4876 a
912 4814 987 4889 fine;
1004 4814 1071 4893 ipse
1088 4823 1197 4876 autem
1213 4822 1362 4876 accentus
1380 4824 1444 4875 tres

144 4913 243 4977 habet
257 4911 353 4989 locos;
368 4912 524 4989 ultimum,
538 4912 778 4993 paenultimum,
793 4912 1107 4993 antepaenultimum.
