3942 6130
455 717 529 780 Tun
550 717 738 780 Tarorrron
760 735 801 779 or
822 734 887 778 run
908 717 1013 778 Lnrrn
1034 717 1168 778 Accanr
1426 717 1465 778 65

165 916 261 979 fuerit
270 916 333 979 illic
342 915 460 979 vooelis
475 915 661 979 naturaliter
670 914 772 996 longa,
784 915 1014 977 circumflexum
1030 915 1128 978 habet
1137 925 1315 991 accentum;
1325 915 1352 978 si
1370 916 1464 980 luerit

165 1016 269 1079 brevis
282 1016 477 1093 naturaliter,
492 1016 589 1079 etiam
603 1016 629 1078 si
642 1015 685 1078 sit
696 1015 853 1096 positione
866 1015 968 1094 longa,
982 1025 1111 1077 acutrun
1124 1016 1231 1079 habet.
1273 1017 1354 1079 Ecce
1368 1016 1466 1080 habes

167 1117 208 1178 de
222 1115 459 1195 monosyllabis;
474 1116 638 1179 videamus
652 1117 747 1178 modo
763 1116 803 1178 de
818 1115 989 1194 disyllabis.

205 1215 370 1294 Disyllaba
388 1236 463 1296 pars
481 1215 633 1279 orationis
652 1236 716 1278 uno
734 1216 828 1278 modo
848 1215 958 1295 recipit
978 1215 1209 1277 circumflexum
1229 1224 1366 1292 tantum,
1387 1217 1414 1278 si
1432 1226 1465 1279 et

163 1316 250 1394 prior
262 1315 448 1379 naturaliter
466 1314 558 1397 longa
571 1316 613 1378 sit
624 1326 656 1378 et
672 1315 783 1378 ultima
794 1315 980 1379 naturaliter
999 1314 1113 1390 brevis,
1126 1324 1164 1377 ut
1175 1318 1266 1377 milo:
1278 1337 1324 1378 me
1337 1328 1465 1379 natura·

164 1414 236 1478 liter
251 1416 343 1496 longa
353 1425 412 1491 est,
423 1424 454 1477 la
467 1415 653 1478 naturaliter
667 1415 772 1478 brevis
786 1425 845 1490 est,
856 1415 1087 1478 circumflexum
1101 1415 1200 1478 habet
1209 1425 1384 1478 accentum.
1426 1417 1465 1479 Id

161 1525 213 1577 est
231 1516 358 1594 quando
377 1526 427 1578 est
444 1515 611 1579 trochaeus
629 1515 824 1590 naturaliter,
844 1525 922 1578 tunc
940 1524 988 1578 est
1006 1514 1221 1578 circumflexus
1238 1516 1273 1578 in
1291 1516 1452 1596 disyllabis
1457 1538 1465 1592 ;

165 1615 257 1678 aliter
276 1636 340 1679 non
360 1614 444 1692 licet,
464 1626 501 1678 ut
519 1626 599 1696 puta
619 1619 696 1679 mtto
714 1616 804 1678 Creta
822 1616 928 1678 Romo.
970 1616 1051 1677 Ecce
1070 1617 1164 1678 modo
1183 1616 1398 1679 circrrmflexus
1417 1627 1466 1678 est

165 1724 303 1793 tantum,
314 1717 399 1795 quod
408 1715 493 1795 prior
502 1715 688 1778 naturaliter
696 1714 789 1796 longa
798 1726 846 1778 est
855 1726 888 1778 et
897 1715 1010 1777 ultima
1018 1716 1204 1778 naturaliter
1212 1716 1325 1779 brevis.
1366 1716 1466 1779 Aliter

165 1835 241 1877 vero
262 1817 553 1895 quomodocumque
573 1816 636 1878 iam
656 1825 786 1878 acutum
805 1816 936 1878 iaciunt,
977 1815 1061 1892 Quid
1081 1815 1106 1877 si
1126 1815 1282 1895 positione
1300 1817 1393 1896 longa
1406 1817 1464 1880 sit?

163 1915 287 1978 Acutus
305 1926 364 1991 est,
384 1925 422 1978 ut
439 1925 520 1996 puta
539 1912 638 1989 anun
656 1925 773 1978 acutus
788 1926 846 1978 est.
887 1915 969 1993 Quid
989 1916 1016 1977 si
1034 1915 1119 1995 prior
1138 1916 1242 1979 brevis
1261 1925 1294 1978 et
1312 1916 1466 1997 posterior

161 2014 274 2095 longa?
314 2016 435 2078 Acutus
458 2024 516 2093 est,
538 2025 576 2078 ut
598 2026 678 2096 puta
701 2023 820 2096 parevis.
861 2015 944 2093 Quid
968 2015 994 2077 si
1014 2015 1126 2078 ambae
1146 2015 1332 2079 naturaliter
1344 2015 1466 2096 'longae

163 2114 247 2178 sint?
287 2117 426 2178 Acutum
438 2116 568 2192 habent,
581 2127 619 2178 ut
631 2126 680 2178 est
691 2117 776 2195 leges.
818 2116 1060 2195 thuarehoc?
1099 2116 1359 2179 Lexnaturaliter
1373 2116 1465 2196 longa

164 2224 225 2290 est,
247 2224 281 2278 et
301 2215 437 2278 diximus
458 2214 644 2279 naturaliter
665 2215 774 2296 longas
794 2215 1005 2296 paenultimas
1026 2216 1257 2279 circumflexum
1278 2216 1393 2279 habere
1414 2237 1465 2279 ac-

165 2324 307 2391 centum;
327 2316 381 2378 sed
401 2336 465 2379 non
483 2316 625 2396 sequitur
643 2316 757 2394 brevis,
776 2325 814 2378 ut
833 2317 876 2378 sit
894 2317 1069 2379 trochaeus.
1110 2318 1195 2378 Nam
1214 2317 1290 2397 leges
1309 2317 1466 2396 spondeus

164 2425 224 2477 est.
266 2416 349 2494 Ergo
372 2427 448 2478 tunc
469 2427 518 2478 est
540 2416 764 2492 circumflexus,
787 2417 914 2496 quando
935 2416 1020 2496 prior
1041 2416 1228 2481 naturaliter
1248 2416 1341 2497 longa
1362 2427 1411 2479 est
1432 2427 1466 2479 et

165 2513 279 2577 ultima
304 2516 490 2579 naturaliter
514 2515 627 2579 brevis.
669 2518 751 2579 Ecce
775 2517 872 2579 habes
896 2517 959 2579 iam
985 2517 1081 2579 etiam
1107 2518 1147 2579 de
1171 2516 1346 2596 disyllabis3
1371 2518 1465 2579 modo

166 2614 332 2677 videamus
343 2616 382 2678 de
394 2615 573 2696 trisyllabis.

207 2715 374 2796 Pompeius
386 2738 418 2796 p.
436 2718 502 2792 129,
519 2718 557 2778 14
570 2718 611 2778 Κ.

164 2815 311 2878 Diximus
327 2816 476 2895 quoniam
495 2816 590 2879 tertia
607 2836 627 2878 a
644 2817 706 2878 fine
724 2837 787 2878 non
804 2825 911 2895 potest
928 2816 1043 2878 habere
1060 2815 1121 2878 uisi
1138 2826 1269 2879 acutum
1284 2827 1466 2893 accentum,

163 2934 228 2976 non
236 2914 319 2978 licet.
361 2917 443 2997 Ergo
452 2916 682 2996 noliquaerere,
692 2916 793 2996 qualis
801 2915 930 2979 sittsive
938 2916 1124 2979 naturaliter
1133 2915 1226 2996 longa
1235 2916 1301 2979 sive
1309 2917 1466 2997 positione

164 3013 259 3094 longa
269 3015 336 3078 sive
344 3017 531 3080 naturaliter
540 3017 654 3093 brevis,
664 3037 728 3079 non
738 3017 835 3080 habet
844 3016 905 3079 uisi
913 3027 1053 3079 acutum.
1096 3017 1156 3079 Sed
1165 3016 1242 3079 illud
1253 3018 1465 3097 quaerendum

165 3114 257 3176 nobis
271 3125 330 3191 est,
346 3116 473 3196 quando
487 3116 614 3193 habeat,
630 3117 704 3196 quia
719 3127 752 3180 et
766 3118 827 3179 ista
841 3116 957 3179 habere
970 3125 1077 3197 potest
1091 3126 1124 3179 et
1138 3116 1211 3203 ista,
1225 3136 1266 3179 ne
1280 3137 1418 3180 erremus
1432 3127 1466 3180 et

165 3215 308 3277 dicamus
321 3215 416 3278 istam
431 3216 557 3292 habere,
572 3237 643 3278 cum
658 3217 720 3279 ista
733 3217 860 3279 habeat.
901 3217 985 3295 Ergo
999 3216 1077 3279 scire
1091 3217 1241 3279 debemus
1255 3216 1315 3279 hoc
1328 3217 1466 3279 firmissi-

165 3335 254 3376 mum
274 3335 350 3392 esse,
371 3325 447 3380 tunc
467 3317 595 3382 tertiam
614 3336 634 3379 a
654 3317 715 3379 fine
733 3317 849 3380 habere
867 3325 1043 3393 accentum,
1063 3317 1190 3396 quando
1210 3317 1346 3379 secunda
1365 3337 1385 3379 a
1403 3317 1466 3379 fine

164 3415 352 3477 naturaliter
373 3416 476 3478 brevis
496 3427 554 3479 est.
595 3418 755 3493 Romulus,
776 3436 809 3478 ro
829 3416 921 3496 longa
942 3425 991 3478 est
1011 3427 1044 3479 et
1071 3437 1123 3478 mu
1150 3416 1335 3480 naturaliter
1362 3417 1466 3479 brevis

165 3524 227 3590 est3
240 3534 312 3594 ergo
325 3515 474 3594 quoniam
486 3526 520 3579 et
531 3537 564 3579 ro
576 3516 762 3580 naturaliter
774 3516 866 3597 longa
877 3525 927 3578 est
938 3525 972 3578 et
982 3537 1046 3593 mu,
1059 3526 1200 3596 quaeest
1212 3517 1349 3579 secunda
1360 3537 1381 3579 a
1392 3517 1464 3594 fine,

164 3614 352 3678 naturaliter
369 3615 474 3679 brevis
489 3626 548 3693 est,
565 3625 679 3678 acutus
695 3625 843 3679 accentus
860 3625 921 3678 est:
937 3618 1100 3694 maximus,
1119 3618 1259 3695 optimus.
1301 3619 1375 3679 Non
1392 3616 1466 3679 licet

165 3723 203 3777 ut
218 3715 312 3777 tertia
327 3734 346 3777 a
361 3716 423 3778 fine
437 3716 555 3779 habeat
568 3726 744 3792 accentum,
759 3716 820 3780 nisi
833 3716 969 3779 secunda
984 3735 1004 3778 a
1018 3717 1080 3779 fine
1094 3716 1280 3780 naturaliter
1294 3716 1398 3779 brevis
1412 3717 1464 3779 sit.

166 3816 248 3877 Ecce
258 3814 356 3877 habes
367 3817 521 3878 rationem
533 3816 646 3879 tertiae
656 3815 807 3895 syllabae:
820 3815 894 3878 tolle
904 3817 1032 3878 tertiam
1042 3836 1062 3879 a
1074 3816 1145 3893 fine,
1158 3816 1265 3880 etiam
1275 3815 1464 3896 disyllabum

163 3924 223 3976 est.
265 3913 297 3978 Si
313 3915 396 3977 enim
413 3915 574 3979 sustuleris
589 3916 683 3979 istam
700 3917 837 3992 tertiam,
853 3935 1013 3979 remanere
1028 3917 1148 3979 habent
1163 3917 1254 3979 duae.
1296 3917 1329 3980 Si
1343 3936 1465 3979 reman-

161 4014 261 4076 serint
287 4014 378 4092 duae,
401 4015 482 4078 ratio
508 4015 733 4095 disyllaborum
754 4017 823 4080 erit.
865 4015 1010 4078 Diximus
1037 4017 1069 4079 in
1096 4017 1219 4081 ratione
1239 4016 1464 4096 disyllaborum

164 4135 228 4176 non
251 4133 343 4194 posse
365 4115 498 4178 inveniri
520 4116 762 4192 circumflexum,
786 4116 846 4179 nisi
869 4118 995 4195 quando
1018 4116 1079 4179 ista
1102 4116 1287 4180 naturaliter
1316 4115 1409 4196 longa
1432 4126 1465 4178 et

165 4213 278 4276 ultima
292 4214 478 4278 naturaliter
491 4215 595 4278 brevis
609 4216 660 4278 sit.
702 4217 784 4296 Ergo
798 4217 952 4295 Cethegis,
968 4215 1042 4279 tolle
1055 4216 1128 4279 iude
1141 4237 1182 4293 ce,
1196 4226 1338 4279 remanet
1352 4218 1463 4295 llregus.

167 4315 194 4375 Τ
194 4315 285 4395 legas
308 4315 362 4393 qui
384 4335 439 4394 pes
462 4319 527 4379 est?
568 4316 759 4379 Trochaeus:
782 4338 854 4397 ergo
877 4316 1091 4380 circumflexus
1113 4316 1182 4379 erit.
1224 4316 1306 4394 Quid
1329 4315 1465 4379 sidicat

165 4415 260 4476 celle?
294 4415 451 4492 Quoniam
462 4435 526 4477 non
535 4427 584 4477 est
593 4416 768 4492 trochaeus,
777 4417 841 4478 iam
853 4428 968 4482 acutus
976 4416 1046 4479 erit.
1082 4416 1165 4493 Quid
1174 4417 1201 4479 si
1209 4417 1297 4479 dieas
1305 4415 1465 4480 Metellus?

164 4515 203 4575 lel
224 4513 325 4593 qualis
344 4518 420 4609 esti
451 4514 610 4577 Positione
629 4515 722 4595 longa
742 4525 802 4578 est:
823 4538 896 4597 ergo
916 4537 1039 4580 necesse
1059 4526 1108 4580 est
1128 4527 1165 4579 ut
1184 4526 1297 4578 acutus
1316 4527 1465 4579 accentus

165 4613 217 4675 sit.
259 4614 342 4693 Ergo
358 4613 423 4676 noli
439 4624 471 4677 te
487 4615 519 4676 in
536 4614 675 4679 diversas
690 4617 838 4696 ambages
854 4618 989 4693 mittere,
1006 4618 1061 4679 sed
1077 4626 1190 4692 tracta,
1207 4617 1334 4695 quando
1349 4615 1465 4679 debeat

163 4722 330 4776 accentum
354 4714 482 4790 habere;
506 4724 584 4777 tunc
606 4727 713 4778 autem
737 4716 868 4780 habebit
891 4726 1055 4779 accentum
1080 4717 1174 4779 tertia
1197 4735 1217 4777 a
1240 4716 1312 4792 fine,
1337 4717 1464 4795 quando

163 4814 303 4876 secunda
313 4834 333 4877 a
343 4813 406 4877 fine
415 4814 601 4877 naturaliter
612 4816 715 4879 brevis
725 4826 783 4877 est.
825 4817 956 4880 Sublata
968 4817 1062 4880 tertia
1073 4837 1092 4878 a
1104 4817 1164 4879 fine
1175 4836 1247 4878 cum
1259 4815 1464 4879 remanserint

163 4914 256 4989 duae,
273 4914 355 4976 redis
370 4915 411 4976 ad
427 4914 581 4977 rationem
597 4915 832 5013 disyllaborum,
849 4927 881 4978 et
896 4917 978 4979 hanc
994 4937 1084 4979 serva
1100 4917 1264 4979 rationem.
