3942 6130
518 750 555 810 12
976 749 1084 828 Jarras
1104 749 1136 811 S.
1157 748 1357 811 McLerrona

518 949 585 1012 tivo
608 949 825 1031 corripiuntur,
856 961 892 1012 ut
921 951 1030 1012 Nasnr
1058 949 1204 1026 Nestoris,
1233 950 1342 1012 fleam
1365 949 1512 1025 Honora,
1541 950 1814 1026 cistarciensis,

516 1059 549 1112 et
570 1048 596 1112 si
616 1067 680 1130 qua
707 1050 792 1112 talia.
833 1049 970 1128 Quidam
989 1059 1107 1130 putant
1126 1049 1296 1130 Vergilium
1316 1060 1426 1112 contra
1445 1050 1600 1112 rationem
1618 1049 1816 1129 propriorum

515 1149 696 1229 produxisse
725 1149 878 1212 ‘Herculis
905 1150 1057 1212 Antorem
1084 1149 1255 1227 comitem5'
1283 1148 1338 1212 sed
1364 1160 1484 1211 errant:
1510 1168 1586 1211 nam
1613 1149 1662 1211 ln'c
1687 1151 1816 1212 Antores

515 1248 695 1325 declinavit,
708 1268 773 1311 non
786 1250 893 1326 Antan,
907 1250 988 1311 sicut
1001 1249 1050 1311 laia
1063 1249 1180 1311 Diores.

554 1348 675 1412 Probus
687 1348 780 1412 Cath.
793 1369 825 1429 p.
841 1350 887 1425 18,
901 1349 918 1411 5
933 1350 974 1410 K.

514 1450 560 1511 As
583 1467 662 1529 pura
688 1449 856 1511 terminata
899 1497 906 1510 .
949 1497 957 1511 .
1000 1496 1007 1510 .
1051 1497 1058 1511 .
1099 1447 1241 1510 feminini
1260 1448 1380 1528 generis
1398 1448 1424 1510 si
1442 1457 1546 1525 erunt,
1563 1458 1596 1510 et
1613 1448 1682 1528 ipsa
1700 1449 1813 1511 tertiae

514 1558 588 1612 sunt
602 1547 828 1626 declinationis,
842 1548 897 1611 sed
909 1549 958 1611 dis
971 1547 1185 1610 terminabunt
1198 1547 1388 1628 genetivum,
1402 1558 1439 1610 ut
1452 1552 1528 1613 θυάς
1541 1552 1649 1613 estas
1661 1546 1812 1627 ibyadis,

512 1658 547 1711 et
561 1649 665 1711 omnia
681 1648 766 1725 talia,
781 1667 863 1728 quae
877 1659 987 1710 contra
1001 1648 1154 1710 rationem
1168 1647 1352 1710 Latinitatis
1366 1647 1537 1709 secundum
1552 1647 1687 1710 Graecos
1701 1647 1813 1710 ultima

514 1747 635 1828 syllaba
645 1759 812 1825 acuuntur,
825 1758 861 1810 ut
871 1748 1099 1812 Thaumantias
1109 1746 1381 1834 Thaumantiidis.
1421 1748 1507 1809 Nam
1518 1747 1544 1809 si
1553 1767 1617 1809 non
1627 1748 1811 1825 acuerimus,

511 1848 572 1910 erit
582 1867 697 1910 nomen
709 1849 828 1928 generis
839 1847 1000 1909 macsulini
1013 1858 1046 1909 et
1057 1846 1151 1909 faciet
1162 1847 1342 1927 genetivum
1353 1867 1388 1908 ae
1400 1846 1595 1927 diphthongo
1608 1848 1812 1910 terminatum

510 1948 628 2027 primae
642 1947 868 2023 declinationis,
883 1956 919 2010 ut
933 1947 1036 2009 Pelias
1050 1947 1152 2008 Paliae
1164 1956 1198 2009 et
1214 1946 1432 2008 Thaumantias
1448 1947 1677 2009 Thaumantias.

552 2047 672 2112 Probus
686 2047 779 2110 Cath.
793 2067 825 2127 p.
841 2048 889 2123 23,
904 2047 921 2108 5
935 2047 976 2108 K.

510 2149 582 2225 Las,
603 2145 642 2223 (si
659 2148 799 2210 vocalem
816 2156 890 2209 ante
908 2146 1076 2208 habuerint
1093 2146 1143 2208 vel
1159 2145 1254 2217 aliam
1271 2157 1496 2209 consonantem
1512 2157 1636 2226 praeter
1653 2148 1674 2222 l,
1691 2145 1811 2226 primae

509 2257 604 2310 erunt
613 2245 831 2310 declinationis
873 2294 880 2308 .
924 2293 931 2308 .
974 2295 982 2308 .
1025 2294 1032 2308 .
1074 2243 1334 2322 )silhabuerint,
1350 2246 1459 2308 tertiae
1472 2257 1566 2309 erunt
1579 2246 1810 2323 declinationis;

508 2359 651 2410 namaut
660 2348 708 2410 dis
717 2358 775 2410 aut
784 2346 824 2409 tis
833 2345 954 2409 faciunt
963 2345 1118 2426 genetivo,
1130 2355 1168 2408 ut
1176 2346 1281 2408 Pallas
1291 2347 1429 2408 Palladis
1439 2347 1488 2408 vel
1498 2347 1658 2409 Pallantis.
1670 2346 1808 2424 Quidam

510 2458 627 2527 putant
638 2457 715 2509 tunc
725 2456 737 2509 t
747 2446 858 2510 debere
868 2444 1110 2522 diei,1>auamis,
1122 2446 1149 2507 si
1156 2445 1370 2508 nominativus
1380 2467 1402 2507 n
1413 2445 1565 2522 habuerit,
1573 2457 1649 2508 tunc
1660 2446 1809 2522 Palladis,

508 2548 534 2609 si
548 2565 612 2609 non
626 2546 771 2609 habuerit
785 2566 807 2607 n
820 2546 1045 2622 nominativum
1060 2545 1115 2608 sed
1127 2556 1243 2607 errant.
1285 2547 1369 2608 Nam
1382 2545 1503 2608 nullum
1517 2545 1556 2608 de
1570 2546 1619 2608 his
1631 2544 1812 2608 nominibus

507 2666 530 2707 n
557 2646 663 2708 habet.
705 2646 766 2709 Sed
793 2645 968 2708 differentia
995 2645 1132 2726 genetivi
1158 2643 1201 2708 ab
1227 2653 1359 2707 accentu
1385 2645 1573 2707 nominativi
1601 2646 1811 2725 cognoscitur:

508 2746 614 2809 Polias
630 2746 662 2808 in
680 2745 739 2806 Pu
755 2744 874 2807 habens
889 2755 1019 2807 acutum
1036 2745 1188 2809 Pallantis
1204 2744 1291 2820 facit,
1309 2745 1415 2807 Palios
1431 2745 1464 2807 in
1480 2747 1527 2807 las
1543 2744 1662 2808 habens
1678 2755 1810 2807 acutum

505 2846 644 2909 Palladis
660 2845 746 2908 iacit.

547 2944 668 3008 Probus
683 2944 777 3007 Cath.
791 2965 823 3024 p.
840 2945 888 3020 24,
905 2945 943 3006 14
955 2946 997 3006 K.

507 3044 582 3107 Mas
624 3093 631 3107 .
674 3093 681 3107 .
725 3093 732 3106 .
775 3092 783 3106 .
825 3044 945 3107 Graeca
968 3044 1179 3107 indifferenter
1201 3043 1451 3122 declinabantur,
1473 3052 1508 3106 et
1530 3044 1648 3123 primae
1672 3042 1808 3107 declina·

507 3144 601 3206 tionis
618 3165 653 3206 ae
670 3144 865 3224 diphthongo
882 3144 1051 3206 terminato
1068 3143 1212 3223 genetivo
1227 3153 1263 3206 et
1279 3144 1390 3207 tertiae
1408 3145 1447 3206 tis
1465 3144 1633 3207 terminato
1649 3143 1806 3224 genetivo,

506 3244 545 3305 M
545 3245 624 3308 imas
642 3243 760 3321 Mimas
776 3243 826 3306 vel
844 3243 1017 3319 Mimantis,
1034 3243 1183 3305 Garamas
1198 3243 1347 3306 Garamas
1364 3243 1413 3307 vel
1430 3244 1634 3320 Garamantis,
1657 3244 1807 3306 Athamas

505 3344 653 3406 Athamas
672 3344 722 3407 vel
742 3343 948 3418 Athamanum
968 3343 999 3405 in
1019 3342 1215 3405 nominativo
1235 3343 1300 3405 sine
1320 3364 1342 3406 n
1363 3343 1478 3420 littera,
1499 3344 1531 3406 in
1551 3343 1662 3406 ceteris
1682 3342 1806 3407 casibus

505 3462 577 3505 cum
588 3462 639 3505 ea:
652 3444 695 3505 sic
707 3444 813 3505 Pallas
825 3443 985 3505 Pallamis.
1027 3445 1112 3505 Nam
1124 3443 1233 3505 manas
1245 3443 1275 3504 in
1289 3462 1355 3506 mas
1366 3455 1496 3506 acutum
1508 3444 1556 3505 dis
1562 3442 1640 3505 iacit
1646 3442 1802 3523 genetivo,

504 3543 614 3604 mimos
625 3543 777 3619 mimddiS,
790 3552 823 3604 et
835 3543 943 3606 melius
954 3553 1104 3623 pereunte
1116 3563 1131 3603 s
1143 3543 1249 3605 littera
1261 3543 1300 3605 de
1317 3543 1513 3606 nominativo
1531 3542 1568 3605 lit
1585 3543 1803 3635 nomengLati-

505 3661 581 3705 num
597 3643 715 3723 primae
732 3642 948 3705 declinationis
964 3663 1000 3705 ae
1015 3643 1194 3723 genetivum
1206 3643 1385 3719 terminans,
1397 3644 1467 3705 aaa
1476 3643 1570 3705 mima
1580 3644 1672 3706 nnius
1682 3644 1801 3705 mima.

542 3742 661 3805 Probus
675 3743 768 3806 Ceth.
782 3763 813 3822 p.
830 3744 877 3819 25,
894 3743 971 3805 lsK.

502 3843 571 3903 Nos
612 3891 619 3905 .
663 3891 669 3905 .
713 3891 720 3904 .
763 3890 770 3905 .
813 3842 931 3905 Graeca
954 3844 1065 3905 tertiae
1087 3852 1162 3905 sunt
1183 3852 1278 3904 acuto
1301 3844 1332 3904 in
1355 3843 1524 3905 novissima
1546 3841 1667 3921 syllaba
1690 3852 1801 3904 contra

502 3942 656 4005 rationem
676 3942 809 4005 Latinae
830 3942 962 4023 linguae,
984 3942 1040 4005 sed
1060 3943 1108 4004 dis
1128 3941 1275 4005 facientia
1296 3943 1450 4022 genetivo,
1473 3942 1603 4004 Maenas
1624 3942 1799 4020 Maenadis,

502 4059 615 4103 nomen
630 4042 785 4104 Bacchae:
800 4042 844 4103 sic
858 4042 981 4104 Persius
994 4051 1028 4103 et
1042 4041 1202 4104 Horatius.

542 4141 662 4203 Pmbus
676 4142 755 4204 Inst.
769 4143 807 4204 Α.
820 4161 852 4221 p.
868 4141 916 4218 51,
932 4142 1011 4203 alK.

502 4241 630 4302 Nomini
653 4240 800 4303 accidunt
822 4241 958 4320 qualitas
981 4261 1077 4321 genus
1100 4240 1197 4321 figura
1221 4241 1413 4319 comparatio
1436 4241 1512 4304 ordo
1535 4260 1682 4304 numerus
1705 4260 1799 4304 casus

499 4351 659 4403 accentus.

541 4440 660 4503 Probus
673 4442 750 4503 Inst.
765 4442 802 4502 A.
816 4459 848 4519 p.
865 4441 931 4515 116,
947 4442 1027 4502 22K.

502 4540 585 4600 Item
605 4541 636 4602 in
657 4558 749 4619 supra
770 4539 855 4602 dicta
876 4539 977 4602 forma
997 4541 1167 4619 quaeritur,
1187 4540 1274 4616 runs,
1295 4560 1366 4602 cum
1386 4540 1531 4603 dativum
1552 4540 1602 4602 vel
1621 4538 1798 4602 ablativum

498 4656 607 4701 casum
630 4640 750 4702 numeri
772 4636 901 4719 pluralis
925 4639 1039 4702 similes
1063 4659 1135 4700 cum
1158 4639 1218 4702 illis
1240 4639 1428 4716 nominibus,
1453 4658 1533 4719 quae
1556 4638 1699 4702 ablativo
1720 4657 1797 4704 oasu

472 4740 477 4749 ’
498 4740 620 4801 numeri
634 4740 772 4819 singular
784 4760 830 4802 se
866 4749 949 4802 uera
964 4750 1106 4818 correpta
1122 4740 1337 4816 terminantur,
1352 4739 1464 4803 habere
1478 4740 1659 4819 reperiatur,
1680 4758 1744 4819 qua
1757 4739 1797 4801 de

497 4854 591 4901 causa
609 4839 640 4901 in
658 4839 756 4901 isdem
773 4856 868 4918 supra
884 4837 977 4901 dictis
994 4839 1118 4902 nasibus
1133 4849 1208 4900 ante
1225 4839 1370 4901 ultimam
1386 4838 1540 4917 syllabam
1555 4857 1620 4902 non
1636 4857 1693 4918 per
1709 4860 1732 4902 a
1748 4848 1797 4902 set
