3942 6130
468 785 543 844 Tmr
562 784 748 846 Tmmrrou
769 799 810 845 or
829 801 895 846 rna
914 786 1019 846 Lnrru
1040 786 1173 848 Accam
1435 787 1473 848 53

214 982 447 1063 Monosyllaba,
470 1003 685 1063 quaecumque
709 985 865 1065 positione
889 984 982 1065 longa
1007 986 1135 1061 luerint,
1158 996 1287 1048 acutum
1309 986 1472 1050 habebunt

176 1092 350 1158 accentum,
364 1094 401 1146 ut
413 1091 483 1163 pm
496 1102 576 1162 quae
589 1094 704 1146 natura
717 1085 809 1163 longa
822 1094 923 1161 erunt,
938 1085 1133 1149 circumflexo
1145 1096 1278 1149 accentu
1289 1088 1473 1169 pronuntia-

175 1184 303 1259 buntur,
315 1191 352 1247 ut
363 1186 419 1247 res.
460 1185 500 1245 In
511 1183 682 1264 disyllabis,
695 1183 722 1246 si
732 1184 817 1266 prior
828 1194 942 1247 natura
961 1184 1054 1265 longa
1065 1185 1126 1248 erit
1136 1186 1308 1265 posteriore
1318 1196 1471 1268 correpta,

174 1283 260 1363 prior
280 1282 550 1362 circumflectetur,
571 1292 607 1346 ut
619 1284 692 1346 libra
704 1285 813 1345 Rama:
833 1284 861 1345 si
879 1284 1034 1364 posterior
1052 1286 1207 1366 producta
1228 1285 1279 1362 sit,
1300 1286 1395 1366 prior,
1417 1305 1471 1349 seu

175 1382 267 1461 longa
289 1402 343 1445 seu
364 1382 468 1446 brevis
488 1382 593 1459 luerit,
614 1392 747 1445 acuatur
767 1403 890 1446 necesse
910 1393 968 1459 est,
991 1394 1028 1447 ut
1048 1386 1123 1465 leges
1144 1386 1241 1459 salus·
1261 1394 1293 1448 et
1314 1385 1342 1448 si
1361 1387 1473 1450 ambae

175 1482 285 1545 breves
296 1482 371 1558 sint,
383 1492 513 1546 acuetur
523 1484 618 1564 prior,
630 1492 668 1545 ut
678 1484 751 1545 dem
763 1484 859 1545 horno.

215 1583 254 1644 In
269 1581 439 1662 trisyllabis
452 1581 702 1662 tetrasyllabisve
716 1592 773 1645 aut
788 1582 986 1664 quasplures
1006 1583 1142 1664 syllabas
1161 1583 1333 1661 habebunt,
1355 1585 1382 1646 si
1401 1603 1474 1666 pae-

174 1680 309 1744 nultima
328 1681 432 1744 brevis
450 1681 555 1758 fuerit,
577 1702 658 1761 quae
677 1701 746 1745 eam
766 1683 924 1762 praecedit
943 1692 1083 1759 acuetur,
1097 1694 1134 1746 ut
1149 1684 1269 1747 Tullius
1280 1686 1474 1748 Hortensia:

176 1782 202 1843 si
218 1780 413 1861 paenultima
427 1781 583 1863 positione
599 1780 691 1862 longa
706 1781 813 1858 fuerit,
824 1783 893 1863 ipsa
908 1792 1036 1845 acutum
1047 1783 1177 1867 habebit
1192 1793 1369 1861 accentum,
1384 1804 1474 1866 prae-

176 1882 336 1944 cedentem
364 1890 470 1943 autem
496 1900 623 1962 gravem
648 1881 753 1957 faciet,
780 1892 817 1944 ut
841 1882 993 1945 Catillus:
1019 1882 1046 1943 si
1070 1882 1264 1963 paenultima
1289 1884 1474 1947 naturaliter

175 1981 329 2061 producta
349 1981 418 2059 erit,
430 1980 475 2042 ita
496 1991 533 2043 ut
553 1980 664 2043 ultima
684 1981 789 2043 brevis
808 1982 860 2057 sit,
879 1981 1108 2062 paenultimam
1129 1982 1415 2060 circumflectemus,
1437 1992 1475 2046 ut

171 2081 328 2161 catagus:
350 2080 377 2142 si
397 2091 505 2143 autem
526 2080 619 2161 longa
639 2081 700 2143 erit
720 2080 844 2157 ultima,
865 2081 1081 2161 paenultimae
1101 2092 1231 2145 acutum
1252 2083 1399 2145 dabimus
1419 2102 1470 2146 ac·

177 2189 314 2255 centum,
328 2188 366 2242 ut
378 2180 513 2242 Athenae
525 2181 666 2242 Fidenae.

217 2281 273 2343 See
285 2281 396 2356 above,
415 2281 585 2343 Diomedes
600 2278 643 2361 (p.
656 2282 725 2355 431,
741 2283 754 2343 l
770 2279 814 2356 K)
834 2282 898 2343 and
911 2282 1036 2344 Servius
1047 2302 1074 2344 c.
1087 2283 1121 2343 in
1139 2284 1222 2344 Don.
1239 2278 1282 2363 (p
1294 2283 1364 2359 426,
1378 2281 1395 2344 7
1408 2278 1466 2359 K).

215 2379 388 2443 Dositheus
400 2400 431 2460 p.
447 2380 515 2456 379,
532 2382 546 2442 1
562 2382 603 2442 K.

177 2479 297 2542 Graeca
314 2479 452 2555 nomina,
471 2479 497 2541 si
514 2480 613 2543 isdem
630 2479 743 2543 litteris
760 2481 966 2560 proferentur,
985 2480 1120 2544 Graecos
1137 2490 1284 2544 accentus
1300 2481 1473 2544 habebunt.

176 2580 260 2641 Nam
282 2588 315 2641 et
336 2599 408 2641 cum
429 2579 562 2642 dicimus
584 2580 698 2659 Thyias
719 2582 810 2655 Nais,
832 2590 960 2642 acutum
982 2580 1112 2643 habebit
1128 2581 1281 2660 posterior
1298 2590 1473 2657 accentum,

176 2688 209 2741 et
227 2698 298 2740 cum
319 2679 469 2741 Themisto
485 2680 628 2758 Calypso,
646 2679 792 2743 ultimam
811 2679 1012 2742 circumflecti
1029 2670 1184 2757 vide'mus3
1203 2681 1288 2760 quod
1306 2690 1474 2760 utrumque

175 2778 309 2840 Latinus
326 2798 428 2841 sermo
445 2798 509 2841 non
524 2779 656 2859 patitur,
674 2778 735 2842 nisi
751 2779 920 2841 admodum
939 2798 1009 2841 raro
1027 2800 1134 2842 sensus
1151 2780 1346 2844 discernendi
1361 2779 1474 2860 gratia,

176 2888 214 2940 ut
234 2878 368 2941 occurrit
388 2882 454 2958 ergd
475 2878 662 2954 coniunctio,
684 2879 718 2941 in
738 2897 801 2958 qua
821 2879 973 2959 posterior
999 2879 1195 2942 circumflexa
1222 2880 1487 2960 deprehenditur..

177 2977 260 3039 Item
274 2977 458 3041 adverbium
472 2983 549 3057 porte
561 2977 733 3058 posteriore
747 2988 876 3042 acutum
890 2978 1011 3059 recipit,
1025 2999 1066 3041 ne
1079 2979 1120 3041 sit
1134 2979 1276 3043 verbum.

216 3076 388 3140 Dositheus
399 3098 431 3160 p.
446 3077 514 3153 379,
527 3079 546 3140 8
559 3080 601 3140 K.

176 3176 236 3238 Est
253 3187 359 3239 autem
377 3176 479 3239 forma
496 3177 582 3240 acuti
599 3187 746 3240 accentus
763 3178 780 3238 1
797 3177 924 3257 obliqua
942 3177 976 3240 in
992 3188 1114 3258 partem
1133 3179 1292 3243 dexteram
1311 3179 1473 3254 scandens,

177 3276 281 3356 gravis
294 3286 441 3339 accentus
453 3277 555 3341 forma
569 3277 586 3338 I
599 3277 727 3356 obliqua
739 3278 773 3338 in
785 3287 909 3357 partem
922 3278 1082 3340 dexteram
1095 3278 1294 3341 descendens.
1336 3277 1475 3340 Circum-

177 3376 290 3438 flexum
305 3376 448 3457 designat
462 3388 625 3440 accentum
641 3377 667 3439 C
683 3377 827 3440 deorsum
842 3386 997 3457 spectans.
1037 3378 1181 3457 Longum
1195 3387 1359 3440 accentum
1374 3387 1475 3440 trans·

99 3540 103 3545 ,
177 3495 268 3538 versa
288 3476 306 3537 I
326 3476 432 3539 littera
452 3486 576 3556 notant,
599 3476 727 3539 brevem
748 3477 774 3538 C
797 3496 918 3538 sursum
940 3486 1112 3556 spectante.
1154 3477 1215 3540 Sed
1235 3477 1269 3539 in
1289 3476 1350 3539 illis
1370 3469 1489 3554 sonos,⁰

175 3575 210 3636 in
227 3575 277 3637 his
294 3586 437 3656 tempora
454 3576 653 3639 dinoscimus.
693 3576 923 3656 Aspirationem
945 3579 973 3644 Η
995 3576 1154 3657 adscripta
1171 3578 1357 3658 praestabit3
1376 3576 1404 3639 si
1420 3577 1475 3639 ad-

175 3675 294 3756 scripta
310 3695 375 3738 non
393 3677 462 3752 erit,
482 3676 665 3738 siccitatem.
705 3676 766 3737 His
783 3675 924 3738 adiciunt
942 3675 1079 3756 hyphen,
1098 3696 1169 3739 cum
1188 3678 1252 3739 duo
1269 3677 1366 3739 verba
1385 3676 1484 3769 quasi'

175 3774 209 3835 in
223 3795 320 3837 unum
334 3776 590 3855 pronuntiatione
603 3775 786 3854 colligimus,
799 3784 833 3837 et
845 3776 979 3837 formam
993 3776 1059 3838 eius
1072 3775 1153 3838 hanc
1166 3776 1299 3839 iaciunt:
1313 3776 1475 3855 utriusque

175 3874 264 3936 verbi
281 3875 438 3955 proximas
456 3874 592 3955 syllabas
609 3876 721 3938 inflexa
739 3874 846 3938 subter
862 3875 984 3954 virgula
1002 3875 1146 3955 iungunt,
1164 3886 1202 3938 ut
1219 3884 1267 3938 est
1286 3877 1421 3938 ‘Turnus
1438 3885 1475 3937 ut

176 3983 251 4036 ante
272 3973 402 4036 volans!
444 3976 526 4037 Item
554 3974 777 4056 apostrophon,
807 3995 878 4037 cum
907 3974 1047 4037 vocalem
1078 3974 1221 4038 ultimam
1251 3975 1474 4039 subtrahimus.

175 4108 268 4169 Hanc
285 4107 329 4170 sic
346 4117 471 4171 notant:
489 4108 530 4170 ad
548 4116 644 4189 caput
661 4108 726 4170 eius
743 4107 953 4183 consonantis,
975 4108 1024 4169 cui
1040 4107 1158 4170 vocalis
1175 4109 1337 4171 subtracta
1353 4115 1412 4184 est,
1429 4107 1476 4171 in·

176 4206 468 4287 flexam-virgulam,
486 4225 567 4287 quae
583 4207 624 4269 ad
641 4227 711 4269 eam
727 4216 860 4288 spectat,
877 4216 1051 4288 apponunt,
1068 4217 1106 4268 ut
1124 4209 1258 4270 ‘tanton'
1273 4227 1325 4270 me
1348 4207 1476 4271 crimine

175 4306 328 4386 dignum!

217 4406 388 4468 Dositheus
402 4428 434 4487 p.
449 4408 519 4481 420,
536 4407 574 4469 26
588 4408 633 4468 K:
648 4426 699 4469 see
713 4406 885 4482 Palaemon
908 4404 1006 4486 (apud
1027 4406 1204 4469 Charisium
1225 4428 1256 4487 p.
1274 4405 1341 4482 227,
1357 4407 1396 4468 30
1417 4403 1474 4483 K).

217 4505 389 4568 Dositheus
402 4527 434 4586 p.
448 4507 518 4581 421,
532 4507 551 4567 8
566 4507 607 4567 K.

176 4605 209 4666 N
211 4625 226 4665 e
239 4615 370 4668 accentu
383 4615 478 4668 acuto
490 4605 688 4685 imperativa,
702 4614 739 4667 ut
752 4612 789 4667 nt
797 4593 864 4684 soa·
877 4605 1022 4685 quotiens
1035 4625 1110 4668 vero
1123 4606 1211 4686 gravi
1223 4615 1355 4667 accentu
1368 4625 1425 4685 pro
1439 4623 1476 4666 eo

178 4705 262 4783 quod
280 4714 329 4767 est
346 4705 432 4785 apud
450 4705 602 4767 Gracecos
620 4711 668 4770 tva
685 4711 724 4782 μή
738 4705 900 4785 accipitur,
913 4704 1068 4784 optativa,
1081 4715 1118 4767 ut
1135 4706 1219 4786 apud
1237 4705 1407 4767 Horatium
1427 4703 1476 4766 ‘ne

177 4803 275 4866 facias
298 4805 383 4885 quod
406 4804 583 4867 Ummidius
606 4805 755 4884 quidam'.
797 4807 871 4867 Non
894 4822 1067 4882 numquam
1090 4825 1175 4880 vero,
1199 4804 1322 4893 etiamsi
1345 4813 1476 4867 accentu

178 4912 273 4969 acuto
284 4906 441 4980 efferatur,
454 4904 598 4985 optativa
610 4925 734 4984 quoque
746 4904 867 4984 recipit,
879 4912 916 4966 ut
927 4909 964 4965 nt
975 4905 1086 4979 oenias,
1098 4911 1135 4966 nt
1147 4906 1267 4967 scribor.
1310 4905 1369 4967 Sed
1381 4904 1477 4965 inter-
