3942 6130
503 857 540 920 52
960 856 1068 935 eras
1088 856 1119 918 S.
1141 856 1339 918 McLarroan

543 1053 668 1117 Servius
681 1055 722 1117 ad
735 1054 813 1116 Aen.
827 1055 888 1130 XI,
902 1055 970 1116 463.

503 1156 543 1216 M
543 1150 669 1233 aniplie]
687 1154 745 1217 Ars
763 1153 888 1233 quidem
905 1152 1059 1234 exigebat,
1074 1164 1111 1217 ut
1126 1174 1178 1216 ma
1193 1153 1324 1218 baberet
1340 1163 1515 1230 accentum,
1532 1154 1569 1215 ni
1586 1150 1689 1229 [enim]
1707 1152 1800 1233 longa

504 1254 630 1333 quidem
649 1262 708 1329 est,
728 1254 783 1315 sed
801 1274 839 1317 er
857 1264 947 1317 muta
965 1262 999 1316 et
1017 1252 1149 1333 liquida:
1169 1254 1254 1332 quod
1273 1254 1418 1333 quotiens
1435 1254 1484 1343 fit,
1503 1253 1599 1317 tertia
1619 1250 1760 1333 {syllaba}
1780 1271 1801 1313 a

504 1353 565 1415 fine
586 1354 716 1415 sortitur
735 1363 909 1428 accentum,
931 1362 967 1415 ut
987 1354 1113 1416 latebrae
1134 1355 1274 1417 numae.
1315 1355 1436 1416 Tamen
1456 1353 1490 1415 in
1510 1354 1570 1416 hoc
1590 1373 1741 1428 sermone,
1763 1362 1801 1415 ut

504 1453 640 1516 secunda
656 1472 675 1514 a
690 1452 752 1514 fine
766 1452 882 1515 babeat
897 1464 1071 1529 accentum,
1087 1473 1162 1516 usus
1176 1453 1324 1515 obtinuit.

545 1552 670 1615 Servius
683 1553 725 1614 ad
739 1554 815 1614 Aen.
829 1553 890 1627 XI,
904 1553 972 1614 659,

504 1652 614 1731 Quales
640 1652 794 1713 Threiciae
817 1672 884 1713 cum
908 1652 1043 1730 flumina
1074 1650 1308 1728 Thermodontis]
1335 1652 1577 1715 Thermodoonie's
1601 1651 1728 1733 plenum
1752 1660 1800 1713 est

507 1752 718 1827 Thermodoon,
739 1752 794 1813 sed
813 1771 867 1830 per
884 1751 1062 1830 synaeresin
1083 1752 1267 1815 Thermodon
1285 1751 1372 1828 iacit,
1390 1753 1474 1815 unde
1491 1753 1552 1814 don
1571 1751 1799 1814 circumflexum

505 1851 634 1914 babebit
651 1860 825 1914 accentum.
867 1851 986 1913 Graeca
1003 1851 1086 1914 enim
1102 1851 1231 1914 nomina
1248 1868 1372 1914 necesse
1388 1861 1436 1915 est
1453 1860 1490 1914 ut
1507 1851 1799 1925 circumflectantur,

505 1951 650 2031 quotiens
667 1951 705 2013 fit
723 1950 895 2030 synaeresis
912 1950 1052 2031 exigente
1070 1951 1163 2015 metri
1181 1946 1312 2025 [ratione
1329 1949 1390 2027 vell
1409 1951 1606 2028 necessitate
1625 1971 1697 2032 ergo
1716 1951 1742 2012 si
1760 1950 1801 2012 sit

507 2051 720 2125 Thermodoon,
745 2051 782 2111 do
806 2061 935 2113 acutum
958 2049 1089 2113 babebit
1111 2061 1288 2127 accentum3
1312 2051 1398 2130 quod
1421 2051 1449 2113 si
1474 2051 1658 2113 Thermoddn
1682 2050 1799 2123 iecerit,

505 2150 584 2213 etin
595 2149 719 2211 finalem
733 2148 919 2213 transfertur
930 2159 963 2212 et
975 2160 1117 2213 mutatur
1129 2161 1288 2213 accentus:
1301 2169 1375 2212 nam
1388 2150 1603 2213 circumflexus
1615 2150 1661 2212 fit.

546 2249 670 2313 Servius
683 2250 724 2311 ad
737 2250 814 2311 Aen.
828 2250 889 2325 XI
904 2250 972 2311 666.

506 2351 644 2412 Euneum
659 2349 759 2428 Clytio
774 2349 907 2427 primum
923 2347 1016 2428 pone]
1033 2350 1182 2426 Ennium,
1199 2350 1274 2429 quia
1287 2349 1403 2411 Latina
1419 2360 1468 2413 est
1483 2349 1662 2426 declinatio,
1679 2349 1750 2412 ideo
1766 2369 1801 2410 ne

505 2449 620 2529 accipit
633 2459 810 2511 accentum·
823 2467 897 2509 nam
912 2448 1032 2510 Statius
1034 2449 1130 2528 ,quia
1144 2449 1262 2512 Graece
1275 2449 1455 2526 declinavit,
1471 2449 1624 2513 Graecum
1638 2459 1800 2511 accentum

505 2548 611 2628 posuit
624 2548 729 2611 dicens
743 2544 843 2623 [nunc]
856 2549 977 2610 Euneos
990 2557 1058 2610 onte
1069 2550 1110 2610 Ei
1121 2569 1202 2611 nunc
1215 2556 1283 2610 ante
1297 2549 1396 2610 Thoos
1407 2558 1441 2612 et
1453 2551 1582 2613 Euneon
1594 2549 1733 2647 eredit.

547 2648 671 2711 Servius
684 2649 725 2710 ad
738 2650 816 2709 Aen
830 2649 908 2723 XII,
925 2646 990 2710 177

505 2728 603 2827 ¹(arom
617 2745 746 2827 propter}
763 2744 891 2827 [propter
903 2745 1107 2827 paenultima}
1122 2756 1164 2810 ια
1177 2747 1274 2811 habet
1287 2757 1461 2824 accentum,
1477 2747 1551 2827 quia
1564 2758 1613 2811 est
1626 2746 1803 2828 postposita

505 2847 696 2928 praepositio
709 2845 739 2922 [i.
752 2868 779 2910 e.
792 2855 911 2926 propter
921 2867 1011 2927 mm
1028 2855 1134 2924 ianas,
1147 2857 1184 2910 ut
1203 2848 1320 2911 Graece
1337 2854 1405 2922 περὶ
1426 2853 1592 2923 βασιλείας,
1605 2868 1675 2910 cum
1693 2859 1803 2909 contra

506 2948 629 3010 dicatur
641 2952 797 3023 βασιλείας
813 2951 889 3021 πέρι,
905 2947 979 3025 quia
992 2958 1041 3010 est
1053 2947 1229 3027 postposita
1242 2944 1453 3028 praepositiol.

547 3047 672 3110 Servius
685 3047 726 3109 ad
739 3048 816 3108 Aen.
831 3047 910 3121 XII,
923 3046 991 3108 375.

506 3147 633 3209 Biiicem
644 3144 813 3222 loricmnlli
825 3145 917 3225 longa
929 3156 1021 3208 estet
1038 3156 1202 3208 accentum
1219 3146 1326 3222 babet,
1339 3146 1420 3209 sicut
1437 3147 1553 3227 bifidum
1564 3147 1591 3227 fi
1608 3104 1802 3226 producitur,

507 3248 581 3326 quia
598 3255 631 3309 et
641 3248 704 3326 sila
717 3256 750 3309 et
767 3231 839 3309 ticio
856 3244 997 3307 dicimus.

547 3346 672 3409 Servius
685 3347 726 3408 ad
739 3346 817 3408 Aen.
831 3346 910 3420 XII,
925 3346 992 3408 503.

509 3446 637 3507 Ταηι6α’
658 3445 773 3524 placuit
791 3465 961 3507 cornnrrere
978 3441 1069 3520 mon]
1090 3445 1170 3507 Sane
1190 3446 1314 3520 nnnn’,
1335 3446 1395 3507 idn'
1415 3444 1677 3508 circumflectitur.
1720 3447 1804 3506 Nam

508 3565 578 3607 cum
597 3564 652 3623 per
671 3543 896 3625 apostrophum
915 3562 1076 3624 apocopen
1094 3544 1191 3606 verba
1209 3545 1384 3624 patiuntur,
1403 3544 1430 3606 is
1449 3545 1503 3623 qui
1522 3545 1555 3606 in
1574 3545 1696 3623 integra
1714 3556 1805 3625 parte
1882 3624 1886 3634 ¹

507 3644 620 3720 iuerat,
641 3656 819 3724 perseverat
839 3654 996 3719 accentus
1017 3653 1053 3706 ut
1074 3646 1193 3706 nenne
1212 3644 1285 3706 inde
1304 3643 1342 3706 fit
1362 3645 1475 3706 tonidn'
1496 3655 1534 3706 ut
1554 3654 1587 3707 et
1609 3645 1738 3706 Tontdn’
1759 3665 1805 3705 me

507 3745 632 3806 nienine
645 3744 788 3823 dignum?

547 3842 763 3923 Dositheusp
778 3841 846 3918 377,
860 3844 935 3904 6Κ.

507 3945 663 4006 Accentus
673 3952 721 4005 est
731 3943 823 4005 unius
833 3943 983 4021 cuiusque
993 3941 1131 4022 syllabae
1141 3942 1284 4022 proprius
1294 3962 1389 4004 sonus
1391 3962 1503 4021 ,quem
1515 3942 1626 4006 Graeci
1639 3950 1807 4021 προσῳδίαν

258 4070 398 4116 mm.
508 4043 626 4105 dicunt.
667 4044 823 4106 Accentus
841 4043 931 4121 quasi
949 4053 1107 4104 accentus.
1148 4042 1330 4105 Accentus
1322 4062 1355 4103 m
1375 4042 1494 4105 Graeca
1513 4043 1619 4123 lingua
1638 4053 1713 4107 sunt
1732 4044 1805 4116 VII,

256 4153 442 4254 own-ww
433 4158 482 4204 rut
507 4143 540 4205 in
562 4142 677 4205 Latma
699 4143 737 4218 V
761 4152 873 4204 acutus
895 4142 998 4221 gravis
1021 4141 1234 4205 circumflexus
1257 4142 1367 4221 longus
1389 4143 1503 4204 brevis.
1545 4144 1584 4204 In
1606 4142 1693 4204 omni
1715 4154 1806 4221 parte

508 4242 658 4304 orationis
668 4242 811 4317 Latinae,
823 4241 900 4304 item
914 4251 949 4303 ut
962 4240 1108 4316 Graecae,
1120 4251 1178 4303 aut
1189 4251 1318 4304 acutum
1330 4253 1387 4304 aut
1399 4242 1629 4306 circumflexum
1641 4254 1805 4305 accentum

508 4363 582 4422 pom
593 4361 718 4405 necesse
729 4350 787 4416 est
800 4361 857 4403 nec
868 4340 1002 4420 amphus
1015 4360 1109 4419 quam
1123 4361 1231 4417 unum,
1243 4340 1294 4403 vel
1306 4340 1389 4404 hunc
1401 4340 1453 4405 vel
1464 4341 1562 4403 rllum
1604 4343 1689 4404 Nam
1693 4342 1807 4440 'gravis

507 4441 635 4521 ponitur
648 4441 680 4503 in
693 4439 844 4521 pluribus.

547 4542 667 4602 Acutus
684 4559 755 4602 cum
771 4540 857 4620 apud
874 4539 1009 4601 Graecos
1026 4539 1087 4602 tria
1103 4539 1171 4602 loca
1183 4550 1305 4615 teneat,
1319 4540 1464 4602 ultimam
1481 4551 1514 4603 et
1529 4541 1757 4620 paenultimam
1776 4552 1807 4603 et

508 4641 536 4703 ei
548 4640 721 4720 proximam
736 4638 899 4719 syllabam,
913 4639 998 4719 apud
1011 4659 1068 4701 nos
1082 4640 1204 4702 duobus
1218 4649 1344 4702 tantum
1358 4639 1433 4701 locis
1452 4639 1527 4719 poni
1545 4651 1662 4719 potest,
1682 4641 1716 4702 in
1735 4661 1807 4721 pae-

507 4740 651 4815 nultima,
666 4749 703 4801 ut
716 4740 895 4819 praelegisti
910 4749 967 4800 aut
981 4739 1012 4800 in
1028 4758 1065 4801 ea
1080 4758 1161 4818 quae
1174 4738 1265 4801 afine
1276 4738 1317 4800 sit
1328 4739 1432 4815 tertia,
1443 4750 1480 4802 ut
1490 4740 1698 4819 praelegimus.
1741 4741 1807 4802 Cir-

508 4839 686 4915 cumflexus,
696 4839 723 4900 si
732 4858 805 4919 pars
814 4838 964 4901 orationis
973 4839 1068 4900 trium
1079 4848 1136 4900 aut
1144 4838 1279 4918 amplius
1288 4838 1383 4902 luerit
1393 4838 1667 4918 syllabarum,n0n
1678 4840 1808 4919 ponitur
1889 4884 1891 4887 ψ

508 4939 568 5001 nisi
580 4937 808 5019 paenultimum
823 4938 923 5001 locum
938 4939 1054 5018 poterit
1068 4938 1217 5013 invenire,
1232 4948 1269 5000 ut
1283 4940 1409 5000 turbare.
