3942 6130
512 785 552 846 84
971 787 1079 865 Jnuas
1100 787 1130 849 S.
1153 787 1351 848 Manuoan

552 985 679 1065 Vergilii
702 1003 832 1065 gramm.
857 1004 938 1047 exc:
957 987 1075 1048 Anecd.
1102 986 1227 1049 Helvet.
1253 1007 1285 1067 p.
1314 988 1381 1063 190,
1409 990 1423 1050 1
1450 989 1493 1049 H.

513 1085 630 1148 Omnes
654 1085 849 1165 grammatici
876 1085 996 1162 dictmt,
1023 1086 1108 1164 quod
1132 1098 1282 1149 accentus
1307 1087 1393 1149 vocis
1418 1106 1481 1149 non
1506 1096 1613 1167 potest
1638 1087 1671 1148 in
1699 1086 1808 1148 ultima

514 1184 634 1263 syllaba
647 1205 714 1247 esse
727 1185 812 1264 apud
828 1185 968 1261 latinos,
982 1186 1040 1248 nisi
1056 1186 1088 1248 in
1102 1187 1220 1265 paucis.
1262 1187 1414 1266 Vergilius
1428 1197 1535 1249 tamen
1550 1188 1644 1249 Maro
1657 1188 1690 1249 in
1703 1186 1810 1248 multis

514 1284 618 1347 verbis
637 1286 729 1364 ponit
750 1285 782 1346 in
803 1285 916 1347 ultima
937 1286 983 1347 ita
1004 1286 1122 1348 dicens:
1144 1286 1295 1348 Nonnulli
1316 1287 1418 1362 aiunt,
1440 1274 1523 1365 quod
1545 1288 1578 1348 in
1600 1305 1663 1348 uuo
1686 1305 1809 1365 quoque

514 1404 629 1464 gressu,
644 1385 724 1447 idest
738 1404 815 1447 sono
828 1385 927 1447 duum
939 1385 1067 1464 pedum,
1081 1386 1162 1449 idest
1176 1385 1367 1465 syllabarum
1380 1387 1500 1466 primus
1510 1386 1650 1449 elevetur
1659 1396 1693 1448 et
1704 1404 1810 1448 sectm·

514 1485 575 1546 dus
586 1485 762 1560 inclinetur,
784 1494 821 1546 ut
841 1484 915 1564 legit
936 1485 1001 1565 agit
1022 1484 1114 1548 m‘rbit
1135 1486 1234 1548 vidit.
1277 1487 1335 1549 Sed
1357 1505 1416 1549 nos
1435 1487 1577 1561 dicimus,
1592 1486 1677 1565 quod
1691 1496 1809 1548 rectum

476 1649 481 1657 ,
513 1604 579 1647 esse
600 1585 761 1659 sentimus,
783 1584 867 1664 quod
886 1602 951 1646 non
972 1585 1075 1648 minus
1095 1586 1265 1665 reperimus
1284 1586 1436 1649 secundos
1455 1587 1551 1666 pedes
1569 1586 1694 1662 elevari,
1715 1603 1810 1665 quam

514 1685 641 1763 primos,
663 1695 699 1746 ut
719 1685 778 1764 egb
797 1685 871 1746 ami
891 1685 968 1747 doce
988 1686 1073 1747 audi.
1116 1686 1255 1748 Maxime
1275 1696 1384 1748 autem
1404 1686 1482 1748 haec
1501 1686 1667 1748 diversitas
1687 1685 1729 1748 ob
1750 1686 1811 1747 dis·

515 1784 661 1846 similium
691 1802 837 1846 sonorum
867 1785 1085 1848 discretionem
1115 1796 1238 1865 reperta
1272 1797 1331 1862 est,
1365 1805 1406 1848 ne
1442 1785 1668 1848 confusibilitas
1703 1785 1807 1864 aliqua

514 1894 672 1946 nascatur.
714 1883 857 1946 Dicimus
872 1885 956 1946 enim
971 1885 1168 1947 nominativo
1188 1904 1262 1947 casu
1279 1886 1367 1948 sedes
1382 1885 1506 1948 elevata
1522 1886 1637 1966 prima,
1653 1895 1688 1947 at
1705 1886 1807 1947 siver-

515 1983 591 2046 bum
615 1984 666 2059 sit,
692 2002 782 2046 versa
804 1985 871 2046 vice
893 1984 1065 2047 secundum
1085 1985 1227 2047 levantes
1248 1986 1360 2065 pedem
1381 1986 1515 2048 dicimus
1543 1986 1643 2061 sedis
1667 1985 1710 2047 sic
1738 2003 1808 2045 cum

514 2084 630 2147 dicitur
643 2085 738 2163 reges,
751 2084 872 2164 primus
882 2085 1023 2164 erigitur3
1036 2095 1071 2147 at
1085 2103 1157 2146 cum
1170 2084 1302 2147 verbum
1315 2089 1410 2166 regis,
1424 2085 1579 2148 sectmdus
1590 2105 1646 2165 pes
1658 2085 1806 2159 elevatur,

515 2183 600 2263 quod
616 2202 681 2245 non
694 2184 865 2246 secundum
879 2185 1031 2246 rationem
1045 2195 1226 2260 metrorum,
1240 2185 1294 2247 sed
1305 2185 1477 2247 secundum
1489 2185 1684 2248 discretionis
1692 2185 1809 2265 aptitu-

515 2283 733 2346 dinemlacere
753 2283 896 2359 solemus,
919 2285 1000 2346 sicut
1016 2285 1113 2347 etiam
1156 2331 1163 2345 .
1209 2332 1216 2346 .
1261 2332 1268 2346 .
1314 2332 1320 2345 .
1362 2286 1550 2365 imperativo
1568 2285 1662 2346 modo
1677 2284 1808 2365 primam

514 2384 656 2445 acuimus
674 2382 827 2462 syllabam
844 2395 878 2446 et
896 2384 1099 2446 novissimam
1117 2385 1286 2462 mlcamus3
1303 2395 1339 2447 at
1356 2405 1394 2447 ex
1412 2385 1545 2462 diverso,
1560 2385 1614 2447 ubi
1626 2383 1808 2446 adverbium

516 2485 558 2545 sit
575 2493 632 2545 aut
648 2483 847 2563 praepositio,
864 2485 966 2562 prima
983 2484 1130 2559 calcatur,
1147 2484 1317 2547 novissima
1331 2486 1464 2548 acuitur.

555 2583 707 2663 Vergilius
727 2582 893 2645 flourished
914 2585 946 2645 in
969 2584 1022 2645 the
1044 2584 1100 2646 oth
1121 2604 1156 2646 or
1178 2584 1233 2647 7th
1254 2594 1395 2664 century.
1439 2584 1490 2648 Cl.
1506 2585 1623 2647 Anecd.
1640 2583 1764 2645 Helvet.
1778 2604 1809 2661 p.

555 2783 677 2845 Comm.
701 2783 829 2845 Einsidl.
857 2783 889 2845 in
917 2784 1001 2845 Don.
1033 2781 1126 2858 (from
1154 2783 1222 2845 cod.
1252 2784 1381 2847 Einsidl.
1416 2784 1470 2846 172
1498 2802 1577 2846 saec.
1605 2781 1667 2859 X):
1694 2782 1809 2845 Anecd.

514 2882 643 2944 Helvet.
663 2902 695 2962 p.
717 2884 785 2959 218,
809 2885 844 2944 18
863 2885 905 2944 Η.
948 2882 998 2945 Cl.
1020 2885 1103 2945 Don.
1122 2904 1155 2963 p.
1177 2885 1246 2960 371,
1267 2886 1306 2945 24
1326 2885 1366 2945 K.

516 2983 555 3044 In
575 2981 851 3059 interiectionibus,
874 2994 910 3045 ut
931 2985 977 3045 ait
999 2968 1156 3060 Donatus,
1177 2984 1255 3046 nulli
1276 2984 1352 3047 oerti
1374 2994 1448 3046 sunt
1469 2993 1630 3059 acoentus;
1651 2993 1708 3045 aut
1728 2983 1811 3043 enim

515 3082 600 3144 dicas
616 3083 694 3145 evax
709 3094 805 3145 acuto
819 3083 1014 3163 paenultimo
1030 3082 1080 3145 vel
1094 3083 1175 3146 evax
1190 3083 1302 3146 ultimo
1316 3096 1422 3159 acuto,
1439 3084 1522 3147 idem
1537 3095 1595 3146 est.
1638 3083 1689 3146 Sic
1702 3093 1735 3144 et
1751 3082 1810 3142 heu

514 3192 547 3243 et
568 3202 645 3262 euge
666 3194 698 3244 et
720 3201 830 3263 papae.
874 3183 965 3245 ‘Heu’
987 3192 1096 3245 autem
1117 3183 1276 3246 interdum
1297 3183 1548 3263 monosyllabum
1569 3193 1618 3245 est
1639 3193 1697 3245 aut
1718 3181 1811 3260 disyl-

514 3281 632 3355 labum,
655 3283 735 3344 sicut
759 3283 849 3345 metri
872 3283 1041 3345 necessitas
1063 3284 1207 3362 coegerit.

553 3382 676 3473 Corum.
701 3383 830 3447 Einsidl.
854 3383 886 3444 in
909 3384 1008 3445 Don.:
1035 3383 1152 3446 Anecd.
1182 3383 1308 3445 Helvet.
1340 3404 1372 3462 p.
1404 3385 1472 3459 228,
1496 3384 1534 3446 33
1562 3383 1605 3444 Η.
1648 3381 1698 3445 Cl.
1729 3383 1810 3442 Don.

513 3501 545 3560 p.
570 3481 626 3544 stt
650 3484 690 3544 K.
1043 3468 1048 3471 ’

566 3631 573 3643 .
618 3630 625 3644 .
670 3631 677 3644 .
719 3593 752 3644 et
778 3584 1014 3663 proprietatem.
1061 3582 1147 3645 Ordo
1172 3592 1235 3645 est:
1267 3583 1431 3645 emmam
1457 3593 1554 3663 saepe,
1582 3582 1602 3643 i.
1634 3581 1811 3660 frequenter

514 3694 690 3744 commovet
711 3694 898 3745 acoentuum
919 3683 1029 3762 legem,
1052 3682 1111 3743 ‘vel
1133 3683 1213 3745 ratio
1227 3681 1458 3761 distinguendi,
1473 3682 1493 3744 i.
1511 3682 1682 3744 dividendi.
1721 3680 1812 3744 Verbi

514 3782 624 3861 gratia,
641 3783 666 3844 si
682 3783 752 3861 quis
767 3782 870 3862 legens
886 3782 1083 3845 ‘malesanus’
1099 3782 1223 3844 dividat
1238 3782 1270 3843 in
1287 3781 1365 3844 duos
1379 3793 1538 3858 accentus,
1552 3792 1589 3843 ut
1600 3776 1702 3844 ‘ntale'
1716 3799 1812 3843 unum
1871 3818 1874 3827 ·

513 3892 678 3945 accentum
693 3882 809 3945 habeat
824 3893 857 3945 et
874 3882 989 3945 ‘sanus’
1004 3881 1149 3958 alterum,
1165 3900 1237 3943 cum
1257 3883 1363 3961 potius
1384 3881 1442 3944 sub
1465 3901 1528 3944 uno
1549 3890 1664 3943 aoentu
1678 3898 1813 3961 pronun·

513 3981 657 4043 tiandum
671 3983 725 4057 sit;
740 3983 801 4045 ‘vel
813 3982 1039 4061 pronuntiandi
1053 3982 1155 4057 ratio',
1166 3983 1186 4045 i.
1201 3982 1396 4058 enuntiandi,
1408 3982 1536 4061 quando
1545 3982 1658 4059 ahqurs
1667 3980 1812 4059 pharetra

513 4092 545 4143 et
565 4082 711 4144 tenebrae
731 4093 764 4144 et
785 4082 897 4144 similia
923 4082 1035 4143 dixerit
1061 4093 1155 4144 acuto
1181 4082 1213 4143 in
1233 4082 1429 4162 paenultima
1448 4083 1561 4160 posito,
1583 4100 1655 4142 cum
1674 4081 1708 4142 in
1728 4091 1813 4141 ante·

512 4182 707 4260 paenultima
731 4182 895 4260 ponendus
920 4191 972 4257 srt,
998 4182 1048 4243 vel
1071 4181 1168 4243 etiam
1194 4180 1396 4261 sequentibus
1422 4192 1574 4260 quattuor
1597 4180 1768 4260 particulis,
1792 4179 1811 4240 i.

515 4301 552 4342 ve
566 4300 606 4343 ne
621 4300 655 4342 ce
671 4301 742 4360 que,
757 4292 906 4343 accentus
920 4282 952 4343 in
968 4281 1079 4343 ultimo
1093 4281 1262 4360 improprie
1276 4281 1414 4360 ponitur,
1430 4291 1467 4342 ut
1483 4280 1643 4359 ‘dixitque’
1660 4278 1812 4359 ‘putasne’

514 4375 670 4443 ‘verbove’
692 4380 854 4455 ‘huiusce';
875 4374 935 4441 ‘vel
953 4380 1173 4443 discernendae
1192 4380 1430 4459 ambiguitatis',
1444 4381 1464 4442 i.
1479 4380 1688 4460 segregandae
1708 4379 1812 4441 dubie·

514 4481 600 4555 tatis,
625 4480 770 4542 videlicet
793 4479 869 4541 dum
891 4480 1086 4542 necessitatis
1109 4499 1203 4542 causa
1225 4481 1354 4559 ponitur
1375 4491 1523 4543 accentus
1546 4481 1578 4541 in
1601 4479 1714 4541 ultimo
1737 4478 1810 4552 loco,

514 4581 594 4641 sicut
610 4581 642 4640 in
659 4579 809 4641 adverbio
827 4580 938 4657 ‘pone',
955 4598 994 4641 ne
1009 4591 1140 4659 putetur
1156 4579 1287 4642 verbum
1309 4600 1374 4642 esse
1396 4580 1574 4659 imperativi
1591 4590 1623 4640 et
1639 4579 1672 4640 in
1688 4577 1812 4659 paenul-

514 4680 602 4755 timo,
621 4679 701 4740 sicut
718 4679 750 4741 in
767 4679 904 4755 nomine,
923 4679 1007 4758 quod
1024 4691 1072 4742 est
1091 4681 1252 4759 ‘persona'.
1294 4680 1407 4742 Graeca
1426 4681 1520 4756 verba
1538 4700 1561 4741 s.
1580 4697 1661 4758 quae
1679 4679 1725 4740 ita
1742 4688 1811 4740 sunt

512 4777 686 4853 nobiscum,
705 4779 786 4841 sicut
802 4778 889 4857 apud
909 4779 1053 4855 Graecos,
1072 4779 1136 4841 sine
1154 4779 1260 4858 aliqua
1274 4779 1459 4855 mutatione,
1474 4790 1510 4841 ut
1523 4779 1687 4841 Themisto
1701 4778 1811 4855 Calyp

513 4898 558 4939 so.
600 4878 726 4955 Melius,
751 4878 911 4940 honestius
934 4878 1102 4957 pulchrius.
1153 4880 1328 4960 Efferimru,
1351 4880 1601 4958 pronuntiamus.
1656 4877 1812 4939 Discretio·
