3996 6146
522 766 561 827 oo
707 749 709 752 ’
980 768 1088 846 Jms
1109 768 1139 830 s.
1162 767 1360 830 Metroon
1417 736 1422 746 ’

562 963 730 1045 Pompeius
741 984 775 1044 p.
792 965 858 1040 129,
873 964 909 1025 37
926 966 967 1026 K.

520 1063 676 1143 Quicquid
687 1063 825 1145 pertinet
836 1064 878 1126 ad
890 1076 1048 1143 accentus,
1058 1065 1118 1127 hoc
1130 1076 1191 1142 est;
1204 1086 1262 1128 nec
1273 1075 1380 1146 potest
1393 1065 1670 1145 ulteriusreperiri.
1711 1066 1824 1137 Vides.

522 1174 642 1242 quanta
659 1164 816 1227 brevitate
832 1173 965 1227 utantur
976 1165 1091 1227 Latini.
1134 1165 1245 1228 Graeci
1257 1186 1332 1228 vero
1343 1165 1439 1228 chaos
1455 1166 1608 1241 fecerunt,
1624 1175 1729 1228 totum
1744 1186 1825 1228 con·

521 1264 681 1339 fuderunt,
701 1273 748 1341 ut,
768 1264 913 1344 quamvis
930 1263 1014 1326 mille
1033 1264 1117 1344 legas
1136 1274 1302 1341 tractatus,
1321 1286 1385 1328 non
1404 1275 1437 1328 te
1455 1265 1632 1328 convenias.
1674 1266 1825 1329 Diximus

521 1363 643 1443 regulas
659 1373 856 1438 accentuum,
875 1375 908 1427 et
926 1364 1062 1426 breviter
1079 1365 1185 1444 accipe
1203 1364 1317 1428 iterum
1334 1365 1419 1446 ipsas
1436 1365 1558 1445 regulas
1599 1414 1606 1428 .
1649 1412 1657 1427 .
1699 1413 1707 1427 .
1749 1413 1758 1428 .

561 1463 729 1544 Pompeius
740 1484 773 1544 p.
791 1465 857 1539 130,
874 1464 910 1526 18
925 1466 966 1525 K.

521 1563 622 1626 Modo
631 1563 750 1643 aliquid
760 1564 866 1627 adicit.
907 1565 1026 1642 Quodsi
1042 1564 1123 1627 forte
1140 1566 1222 1627 duae
1232 1555 1340 1644 partes
1348 1565 1499 1628 orationis
1511 1574 1593 1641 sunt,
1599 1585 1697 1628 unum
1710 1585 1823 1628 acoen-

425 1666 427 1671 ’
521 1672 590 1725 tum
609 1663 783 1738 habebunt,
803 1665 829 1725 si
849 1663 882 1724 in
900 1683 996 1726 unam
1016 1664 1207 1744 redigantur.
1249 1665 1294 1727 Ut
1312 1667 1643 1746 putamolcunapars
1661 1664 1819 1728 orationis

519 1772 578 1839 est,
593 1783 689 1826 sanus
703 1783 768 1826 una
781 1783 856 1844 pars
869 1764 1022 1827 orationis
1036 1773 1097 1840 est3
1113 1764 1168 1827 sed
1184 1764 1333 1844 quoniam
1348 1765 1428 1827 istae
1442 1785 1507 1827 non
1520 1785 1578 1844 pro
1593 1763 1717 1827 duabus
1731 1774 1820 1840 sunt,

473 1868 476 1873 ’
520 1863 575 1926 sed
586 1883 643 1942 pro
655 1883 729 1939 una,
741 1864 908 1943 incipimus
918 1863 1020 1927 dicere
1031 1866 1213 1940 malesanus,
1225 1863 1398 1944 colligimus
1409 1873 1586 1945 utramque,
1598 1865 1705 1927 etiam
1718 1884 1818 1926 unum

519 1973 684 2026 accentum
707 1964 880 2027 habebunt.
921 1964 1208 2043 Quotienscumque
1237 1964 1318 2027 duae
1347 1975 1454 2045 partes
1483 1965 1634 2028 orationis
1662 1964 1695 2026 in
1720 1983 1818 2027 unam

518 2062 717 2143 colligtmtur,
734 2063 797 2126 iam
815 2063 964 2144 quoniam
979 2085 1037 2144 pro
1054 2083 1117 2126 una
1134 2074 1219 2139 sunt,
1235 2084 1334 2126 unum
1350 2073 1515 2127 accentum
1531 2064 1704 2141 habebunt,
1720 2074 1819 2144 prout

409 2210 433 2251 .,
518 2161 614 2226 fuerit
626 2163 746 2243 syllaba
758 2163 820 2226 illa.
863 2165 895 2227 Si
906 2164 993 2226 dicas
1006 2163 1134 2226 ‘interea
1146 2163 1227 2239 loci,'
1240 2165 1513 2245 intcreauuapars
1524 2163 1676 2228 orationis
1687 2174 1745 2241 est,
1758 2164 1819 2226 loci

519 2281 583 2325 una
599 2283 673 2343 pars
689 2263 841 2326 orationis
852 2274 909 2327 est.
951 2264 1084 2336 Quando
1097 2262 1160 2325 iam
1178 2263 1222 2326 sic
1238 2273 1409 2344 utrmnque
1425 2263 1517 2340 dicis,
1530 2274 1567 2327 ut
1583 2285 1641 2344 pro
1658 2284 1722 2326 una
1739 2263 1817 2342 sint,

517 2361 631 2426 ambae
640 2373 748 2443 partes
757 2383 855 2425 unum
866 2363 1029 2426 habebunt
1039 2373 1214 2426 accentum.
1256 2365 1339 2441 Ergo
1349 2364 1431 2426 duae
1439 2374 1547 2444 partes
1556 2364 1707 2427 orationis
1716 2384 1818 2437 ouan-

461 2475 463 2480 ’
518 2463 809 2539 dounamfaciunt,
821 2482 945 2527 necesse
955 2472 1004 2526 est
1014 2473 1052 2525 ut
1062 2483 1161 2526 unum
1172 2473 1338 2526 accentum
1349 2463 1498 2527 habeant.

559 2562 726 2643 Pompeius
738 2583 770 2643 p.
788 2564 855 2636 130,
869 2563 907 2624 28
921 2565 963 2624 K.

517 2661 664 2725 Diximus
684 2662 805 2743 regulas
825 2672 1022 2725 accentuum.
1064 2663 1164 2725 Modo
1184 2662 1358 2732 videamus,
1380 2682 1461 2742 quae
1482 2672 1557 2726 sunt
1577 2683 1626 2726 res
1647 2683 1727 2742 quae
1748 2682 1816 2726 cor-

517 2772 670 2842 rumpunt
690 2762 820 2842 regulas.
861 2764 939 2825 Tres
960 2773 1035 2825 sunt
1056 2773 1193 2837 tantum,
1215 2760 1386 2839 distinctio,
1407 2763 1564 2839 discretio,
1585 2762 1815 2842 pronuntiatio;

516 2862 577 2924 hae
591 2872 656 2925 tres
670 2882 719 2925 res
734 2872 939 2942 corrumpunt
953 2861 1084 2942 regulas.
1126 2863 1280 2940 Quoniam
1295 2863 1441 2938 diximus,
1458 2862 1628 2925 ‘distinctio
1643 2862 1815 2942 corrumpit

516 2961 659 3041 regrdas,’
679 2962 843 3025 videamus
861 2982 924 3042 quo
942 2962 1046 3025 modo.
1088 2962 1120 3025 Si
1138 2961 1220 3025 male
1238 2962 1423 3042 distinguas,
1441 2972 1549 3042 potest
1566 2982 1668 3025 errare
1685 2982 1762 3042 puer
1781 2974 1814 3025 et

516 3061 619 3125 dicere
633 3062 762 3125 ‘interea
775 3061 845 3124 idci’
859 3072 892 3124 et
905 3062 1006 3124 iacere
1019 3062 1093 3125 inde
1105 3061 1185 3124 duas
1197 3072 1304 3142 partes
1316 3062 1479 3137 orationis,
1493 3082 1565 3126 cum
1578 3063 1693 3125 debeas
1706 3061 1814 3125 subter

515 3160 618 3224 iacere
641 3161 779 3242 hyphen.
820 3161 904 3240 Quid
927 3161 971 3224 sit
994 3171 1100 3224 autem
1125 3161 1263 3242 hyphen,
1288 3162 1427 3225 dicemus
1451 3171 1571 3242 postea.
1612 3163 1695 3242 Ergo
1718 3161 1815 3224 debes

516 3260 644 3341 hyphen
656 3262 800 3325 deorsum
812 3261 915 3324 iacere
926 3270 959 3323 et
970 3271 1131 3324 conectere
1142 3271 1319 3341 utramque.
1361 3262 1393 3325 Si
1405 3262 1491 3325 dicas
1504 3261 1667 3341 ‘viridique
1677 3261 1711 3323 in
1721 3260 1814 3324 litore

514 3361 705 3441 conspicitur
721 3362 794 3438 sus,'
807 3370 914 3440 potest
929 3361 969 3423 de
984 3362 1052 3424 istis
1068 3362 1192 3424 duabus
1207 3381 1303 3424 unam
1319 3361 1430 3425 iacere.
1472 3363 1554 3441 Ergo
1570 3360 1731 3424 distinctio
1747 3381 1814 3423 cor-

516 3461 636 3540 rumpit
647 3460 725 3523 istas
737 3460 868 3541 regulas.

554 3560 637 3622 Item
659 3561 805 3623 discretio
826 3570 933 3641 potest
955 3558 1059 3635 [causa
1080 3558 1286 3636 discretionis]
1309 3581 1506 3641 corrumpere
1527 3560 1605 3623 istas
1626 3559 1757 3640 regulas,
1776 3571 1814 3622 ut

400 3700 404 3706 -
514 3666 592 3739 pone
604 3669 637 3722 et
649 3663 736 3739 ptine.
778 3660 810 3723 si
822 3660 935 3723 dixeris
946 3670 1034 3739 pont,
1046 3661 1248 3741 praepositi03
1267 3661 1293 3723 si
1305 3653 1426 3724 dixeris
1434 3666 1520 3741 pone,
1534 3661 1594 3723 erit
1611 3661 1742 3723 verbum
1754 3659 1813 3721 im-

513 3759 649 3839 perativi
657 3760 753 3822 modi.
792 3761 874 3823 Ecce
882 3770 1012 3840 propter
1021 3760 1239 3824 discretionem
1250 3769 1455 3840 corrumpunt
1464 3760 1596 3839 regulas.
1634 3761 1737 3838 Quare
1746 3780 1814 3822 cor·

513 3862 684 3938 rumpunt?
697 3859 778 3938 Quia
790 3861 925 3922 diximus
938 3860 1056 3922 nullam
1068 3869 1192 3940 partem
1206 3880 1272 3923 esse
1284 3860 1447 3936 orationis,
1460 3860 1586 3939 quaein
1601 3859 1711 3922 ultima
1720 3870 1813 3939 parte

513 3958 631 4021 habeat
643 3969 820 4036 accentum,
833 3969 865 4022 et
877 3960 1055 4022 invenimus
1068 3960 1158 4037 duas,
1173 3967 1251 4039 porra
1264 3970 1297 4022 et
1313 3964 1400 4040 pone,
1418 3963 1485 4039 ergd
1501 3971 1534 4023 et
1551 3966 1627 4039 ergo.
1669 3960 1729 4022 Sed
1747 3979 1812 4020 non

513 4058 700 4121 naturaliter
716 4059 814 4122 habet
831 4059 884 4123 illa
900 4059 1013 4122 ultima
1030 4059 1150 4138 syllaba
1167 4069 1344 4135 accentum,
1361 4060 1416 4122 sed
1432 4068 1562 4139 propter
1579 4059 1810 4122 discretionem.

513 4159 598 4220 Nam
617 4160 791 4238 quomodo
808 4169 913 4239 potest
930 4159 997 4221 fieri
1013 4169 1050 4222 ut
1066 4159 1129 4222 ista
1144 4159 1257 4222 ultima
1274 4158 1395 4238 syllaba
1412 4159 1529 4223 habeat
1544 4169 1720 4236 accentum,
1737 4179 1811 4221 cum

512 4257 682 4321 dixerimus
700 4259 735 4321 in
754 4257 867 4322 ultima
890 4258 1010 4338 syllaba
1033 4279 1206 4338 numquam
1228 4259 1364 4322 inveniri
1387 4279 1479 4339 posse
1501 4262 1684 4322 accentum?
1724 4260 1810 4321 Nam

512 4358 640 4436 quando
656 4358 789 4422 dicimus
805 4364 883 4438 porta
901 4356 1054 4433 [ultimam
1072 4358 1186 4422 habere
1202 4357 1389 4435 accentuml,
1406 4379 1470 4421 non
1488 4359 1559 4421 ideo
1575 4358 1717 4436 dicimus,
1735 4358 1811 4438 quia

512 4456 557 4519 sic
573 4458 668 4520 debet
684 4458 756 4534 dici,
774 4458 828 4520 sed
846 4468 883 4520 ut
900 4459 943 4520 sit
956 4458 1113 4521 discretio.
1154 4459 1237 4521 Item
1253 4458 1380 4538 quando
1400 4458 1535 4521 dicimus
1556 4463 1632 4537 ergd,
1653 4479 1717 4521 non
1738 4458 1811 4520 ideo

512 4555 655 4633 dicimus,
667 4557 741 4637 quia
751 4558 796 4620 sic
806 4558 898 4620 debet
910 4558 983 4633 dici,
993 4559 1048 4621 sed
1059 4569 1096 4620 ut
1106 4558 1148 4619 sit
1158 4558 1315 4621 discretio.
1356 4558 1440 4621 Item
1451 4559 1578 4638 quando
1588 4559 1722 4620 dicimus
1732 4562 1811 4636 erga,

416 4674 419 4679 ’
510 4676 575 4718 non
588 4656 658 4719 ideo
671 4656 815 4734 dicimus,
828 4658 903 4737 quia
917 4659 961 4720 sic
974 4658 1069 4720 debet
1083 4657 1155 4734 dici,
1170 4658 1224 4720 sed
1238 4668 1275 4720 ut
1289 4658 1331 4720 sit
1344 4658 1492 4721 discretio
1504 4667 1635 4738 propter
1654 4664 1720 4737 ergo
1736 4677 1811 4720 con-

510 4755 702 4819 iunctionem
713 4757 907 4832 rationalem.
943 4759 1019 4820 Ideo
1029 4758 1061 4819 in
1072 4757 1183 4819 ultima
1195 4757 1315 4836 syllaba
1323 4757 1527 4820 inveniuntur
1534 4768 1692 4820 accentus.
1727 4758 1811 4837 Ergo

510 4856 590 4918 istae
601 4864 675 4919 sunt
685 4857 767 4919 duae
776 4868 883 4938 partes
893 4868 1031 4933 tantum,
1043 4877 1123 4937 quae
1134 4876 1228 4920 causa
1238 4857 1434 4920 discretionis
1444 4867 1649 4936 corrumpunt
1660 4856 1809 4936 regulam.
