3942 6130
509 794 546 854 22
809 854 814 868 ,
968 793 1076 872 Jms
1097 792 1128 855 S.
1149 793 1348 855 McLauonn

549 994 605 1056 See
620 992 752 1070 Schoell,
764 1013 797 1074 p.
812 995 841 1054 9.

549 1093 739 1156 Censorinus
749 1091 835 1173 apud
847 1093 1041 1155 Priscianum
1051 1093 1165 1173 XIIII,
1181 1093 1276 1154 15-17
1287 1112 1320 1172 p.
1332 1094 1382 1169 33,
1397 1094 1412 1154 1
1426 1092 1469 1155 Η.

405 1223 412 1254 ι
509 1192 712 1272 Praepositio,
727 1193 854 1273 quando
867 1212 923 1272 per
938 1192 1145 1254 delectionem
1157 1192 1325 1254 verborum
1337 1193 1505 1272 profertur,
1519 1192 1694 1272 generalem
1706 1202 1814 1256 servat

510 1303 698 1355 accentuum
708 1292 859 1372 regulam:
871 1288 923 1366 [ab
933 1303 1028 1355 acuto
1039 1286 1159 1372 incipit]
1171 1302 1207 1354 ut
1219 1293 1364 1373 Virgilius
1375 1293 1407 1355 in
1419 1293 1470 1355 III
1481 1291 1651 1355 Aeneidos:

792 1393 821 1456 O
835 1392 911 1454 mihi
924 1392 990 1454 sola
1004 1393 1064 1455 mei
1078 1391 1171 1472 super
1183 1394 1387 1471 Astyanactis
1400 1394 1514 1473 imago,

508 1502 541 1554 et
555 1494 722 1555 Terentius
735 1493 768 1555 in
781 1491 913 1554 Andria:

756 1592 844 1654 Adeo
864 1591 1017 1667 modesta,
1037 1591 1117 1653 adeo
1138 1601 1282 1668 venusta,
1304 1602 1340 1654 ut
1360 1591 1438 1654 nihil
1458 1590 1567 1672 supra3

507 1702 541 1753 et
562 1691 621 1752 hoc
641 1689 682 1753 ad
699 1692 935 1754 similitudinem
952 1691 1151 1754 Graecorum.
1194 1691 1365 1754 Homerus:
1389 1697 1458 1756 ἀλλ’
1477 1697 1544 1770 lua,
1562 1698 1603 1757 tm
1627 1716 1675 1757 τοι
1699 1695 1812 1769 unire,

509 1797 591 1867 πάρα
615 1798 724 1869 δ’ἁνὴρ,
743 1798 863 1869 χαλεπὴ
885 1798 916 1858 δὲ
939 1797 1003 1856 θεοῦ
1019 1798 1067 1855 ἔπι
1083 1794 1175 1868 μῆνις.

509 1893 577 1953 Nec
588 1910 650 1952 non
662 1893 760 1954 etiam
771 1893 797 1954 si
808 1901 1009 1972 praepostere
1019 1891 1207 1971 proferatur,
1220 1901 1256 1953 ut
1269 1892 1415 1971 Vugilius
1426 1892 1459 1954 in
1470 1892 1552 1954 XII:

1097 1990 1193 2054 decus
1205 1992 1433 2071 imperiumque
1446 1992 1554 2054 LatIni

707 2092 754 2152 Te
766 2091 871 2171 penes.

510 2190 580 2253 Hoc
595 2209 753 2270 quoquea
768 2192 905 2254 Graecis.
920 2191 1091 2253 Homerus:
1574 2210 1578 2219 ·

509 2297 592 2370 μάχῃ
627 2296 669 2354 tu
704 2296 961 2371 κυδιανείρῃ-Ὧι
996 2296 1045 2354 ἔτι
1084 2295 1173 2355 πόλλ’
1211 2294 1459 2368 ἐμόγησα-νεῶν
1493 2297 1553 2355 iro
1579 2297 1628 2356 καὶ
1655 2296 1811 2356 κλισιάων.

510 2392 569 2453 Est
594 2400 702 2453 tamen
728 2391 856 2471 quando
880 2392 1058 2470 postposita
1083 2410 1208 2470 quoque
1234 2400 1397 2470 gravatur,
1424 2392 1451 2454 si
1474 2392 1639 2472 genetivus
1660 2400 1813 2470 sequatur

509 2491 652 2553 redditus
680 2489 722 2552 ad
748 2509 844 2571 supra
869 2491 1010 2570 positum
1034 2492 1253 2553 accusativum
1279 2491 1329 2553 vel
1354 2491 1542 2567 ablativum,
1574 2501 1611 2554 ut
1639 2492 1679 2554 si·
1693 2491 1813 2554 dIoem:

509 2591 644 2653 uirtutem
665 2593 784 2670 propter
805 2591 994 2670 imperatoris
1014 2591 1063 2652 vel
1085 2591 1203 2654 leutitia
1223 2593 1259 2653 ln
1277 2592 1384 2670 legum.
1427 2592 1481 2654 Sin
1496 2600 1607 2654 autem
1627 2592 1660 2654 ln
1681 2590 1743 2653 fine
1764 2592 1807 2654 sit

508 2691 701 2770 praepositio
728 2710 846 2767 sensus,
870 2692 956 2753 omni
979 2689 1074 2752 modo
1096 2690 1272 2770 generalem
1294 2700 1401 2753 servat
1423 2699 1613 2754 accentuum
1634 2692 1736 2772 legem
1759 2685 1812 2766 [ab

509 2800 605 2851 acuto
624 2786 755 2870 iucipitl,
777 2801 825 2853 ut:
839 2792 975 2854 homines
989 2791 1071 2852 milio
1085 2798 1225 2852 annunt
1240 2797 1354 2869 supro:
1363 2791 1423 2853 nisi
1439 2791 1617 2856 differentia
1630 2790 1811 2872 prohibeat,

510 2891 592 2952 sicut
606 2890 728 2952 dictum
741 2900 800 2967 est,
817 2901 853 2953 ut
867 2892 990 2966 circum,
1005 2891 1151 2970 Virgilius
1165 2892 1198 2953 in
1214 2892 1230 2953 I
1245 2891 1413 2953 Aeneidos:

989 2991 1086 3053 maria
1100 2991 1205 3053 omnia
1219 2989 1346 3067 circum,

510 3090 543 3152 in
555 3089 616 3151 tine
626 3090 761 3167 acuitur,
772 3110 811 3152 ne
823 3090 1009 3153 adverbium
1020 3092 1070 3153 vel
1082 3109 1195 3153 nomen
1206 3110 1272 3153 esse
1283 3099 1425 3171 putetur,
1438 3092 1520 3153 sicut
1530 3100 1565 3154 et
1575 3090 1661 3171 apud
1675 3090 1813 3154 Graecos

511 3196 568 3255 aa.
617 3190 659 3251 Et
685 3192 711 3252 si
737 3190 805 3252 loco
830 3190 1052 3253 adverbiorum
1078 3191 1128 3253 vel
1154 3192 1408 3253 Interiectionum
1432 3191 1641 3270 accipiuntur,
1667 3191 1811 3254 similiter

511 3299 638 3351 mutant
650 3300 816 3352 accentum
827 3289 886 3353 sibi
898 3290 1101 3353 destinatum.
1142 3291 1351 3353 Terentiusin
1365 3290 1533 3353 Eunucho:

773 3390 962 3471 Perpulchra
976 3390 1069 3453 credo
1083 3409 1212 3453 munera
1226 3400 1284 3454 aut
1298 3392 1415 3453 nostris
1429 3390 1555 3467 similia;

511 3498 544 3551 et
559 3489 704 3551 Lucanus
719 3490 752 3552 in
768 3491 816 3552 II:

1299 3593 1357 3670 prb
1372 3589 1475 3653 tristia
1488 3589 1589 3653 latal'
1623 3600 1628 3610 “

709 3689 786 3766 Quis
809 3689 870 3752 luit
895 3689 945 3752 ille
969 3689 1044 3766 dies,
1069 3690 1193 3753 Marius
1217 3710 1281 3769 quo
1305 3691 1428 3753 moenia
1453 3691 1572 3754 victor?

512 3786 582 3849 Hoc
607 3798 713 3850 tamen
738 3808 862 3869 quoque
882 3789 1008 3852 Graecis
1019 3790 1201 3853 auctoribus
1212 3789 1453 3853 lacimustsicut
1465 3792 1550 3852 enim
1561 3790 1810 3870 prepositiones

512 3887 580 3949 loco
609 3887 840 3966 adverbiorum,
863 3890 907 3953 sic
929 3890 1028 3952 etiam
1049 3889 1200 3952 adverbia
1222 3891 1291 3952 loco
1313 3890 1583 3970 praepositionum
1601 3889 1704 3952 solent
1722 3890 1808 3970 poni.

512 3987 681 4051 Homerus:
722 3994 857 4065 γέλασσε
878 3996 909 4056 δὲ
930 3999 1015 4055 πᾶσα
1042 3996 1110 4066 real
1137 3995 1224 4069 χθών,
1253 3996 1321 4066 περὶ
1345 4011 1405 4072 pro
1427 3995 1521 4070 πέριξ,
1545 3989 1808 4071 praepositionem

511 4089 617 4167 posuit
640 4108 698 4168 pro
721 4088 881 4155 adverbio.
922 4090 1025 4153 Idem:
1065 4096 1168 4155 ’Ίλων
1184 4095 1253 4155 εἵσω
1272 4110 1330 4171 pro
1352 4095 1390 4156 ele
1406 4094 1519 4169 Ἴλιον,
1540 4089 1727 4152 adverbium
1751 4109 1810 4170 pro

511 4189 751 4268 praepositione.
798 4190 886 4252 Nihil
906 4191 1000 4271 igitur
1018 4191 1131 4253 mirum
1154 4189 1239 4270 apud
1256 4210 1314 4253 nos
1335 4209 1460 4269 quoque
1482 4190 1730 4271 praepositiones
1751 4209 1809 4269 pro

511 4287 670 4351 adverbiis
693 4290 743 4352 vel
765 4289 916 4353 adverbia
937 4310 996 4371 pro
1015 4289 1299 4371 praepositionibus
1333 4291 1476 4352 Inveniri.

553 4388 742 4450 Censorinus
754 4388 840 4470 apud
854 4391 1048 4453 PrIscianum
1060 4391 1173 4466 XIIII,
1189 4391 1287 4452 35-39
1300 4410 1331 4470 p.
1346 4391 1396 4467 42,
1412 4389 1429 4452 7
1444 4390 1486 4453 H.

512 4489 608 4550 Extra
639 4507 774 4569 quoque,
806 4488 891 4569 quod
922 4489 1075 4570 significat
1102 4497 1136 4555 τὸ
1164 4494 1244 4556 ἐκτός
1266 4490 1353 4570 apud
1379 4489 1525 4567 Graecos,
1550 4488 1738 4552 adverbium
1760 4498 1809 4552 est

513 4587 1090 4669 derivatumapraepositioneextam
1100 4590 1187 4671 apud
1197 4590 1266 4652 illos
1277 4608 1374 4669 quam
1384 4588 1545 4669 apudnos.
1580 4589 1691 4652 Nostri
1702 4598 1809 4652 autem

513 4687 583 4751 ideo
600 4707 664 4749 non
681 4689 783 4751 solum
800 4690 881 4752 inter
897 4689 1058 4767 adverbia,
1076 4689 1131 4753 sed
1141 4691 1245 4752 etiam
1258 4691 1339 4752 inter
1351 4690 1599 4775 praepositiones
1610 4698 1810 4769 aeceperunt,

514 4789 587 4867 quia
599 4798 633 4850 et
645 4788 711 4851 sine
724 4788 900 4852 casualibus
912 4790 1009 4852 verbo
1021 4789 1203 4870 adiungitur
1209 4800 1243 4852 et
1251 4789 1466 4869 praepositum
1475 4788 1652 4852 casualibus
1660 4800 1810 4869 gravatur

515 4897 550 4950 ut
565 4888 701 4951 Persius:
