3942 6130
494 835 568 894 Tnn
588 834 777 895 Trmrrrov
797 848 839 894 or
860 849 925 893 rna
945 833 1051 893 ernv
1071 834 1208 894 Accaus
1404 918 1413 933 Ι
1488 835 1507 893 9

191 1042 242 1096 est
252 1041 358 1112 pueram
365 1040 467 1113 ruqrae,
479 1008 572 1113 tlsque
581 1032 669 1094 cllum
679 1032 827 1108 mrdwvit,
835 1032 894 1094 boc
899 1031 1507 1112 estoolde;itemillorlsqrcecumvenlrsat;

195 1140 295 1213 super,
312 1138 403 1212 saper
426 1133 512 1195 stetit.
554 1134 597 1194 Et
620 1131 771 1212 quamdiu
794 1132 860 1195 sine
890 1131 1013 1194 nasibus
1041 1132 1256 1208 enuntiantur,
1286 1131 1506 1194 adverbialiter

194 1242 282 1309 eunt,
300 1233 433 1311 reoeptis
448 1231 572 1295 casibus
587 1232 620 1294 in
634 1231 902 1311 praepositiones.l

236 1329 406 1394 Palaemon
419 1331 506 1411 apud
522 1331 699 1395 Charisium
712 1352 745 1411 p.
763 1333 831 1409 231,
847 1333 865 1393 3
879 1331 1083 1394 K.=Schoell
1099 1331 1227 1393 ch1·.

195 1433 246 1495 De
266 1431 548 1511 praepositionibus
572 1430 741 1494 Palaemon
766 1432 812 1493 ita
836 1431 945 1494 definit
949 1478 1158 1494 .....
1199 1432 1274 1493 Non
1304 1431 1408 1493 nullae
1439 1439 1507 1493 tam

197 1532 284 1595 casui
307 1550 402 1611 quam
425 1531 521 1594 verbo
542 1541 789 1610 praeponuntur,
812 1531 892 1593 aliae
916 1541 1042 1593 tantum
1064 1531 1171 1607 verbo,
1195 1531 1350 1610 quaedam
1380 1540 1506 1594 tantum

197 1632 293 1695 casui.
334 1630 421 1693 Aliae
437 1640 561 1694 mutato
576 1640 708 1693 accentu
723 1631 756 1692 in
770 1630 919 1693 adverbia
934 1630 1098 1693 acoedunt.

237 1730 405 1794 Palaemon
417 1730 504 1809 apud
516 1730 693 1793 Charisium
703 1750 736 1809 p.
750 1732 818 1807 231,
831 1732 870 1792 24
883 1731 923 1792 Κ.
941 1730 1097 1794 =Schoell
1109 1730 1236 1793 CXLI‘.

197 1831 361 1908 Quaedam
374 1830 515 1893 similiter
529 1851 567 1892 ex
581 1830 734 1893 universis
748 1840 872 1897 mutato
886 1840 1019 1893 accentu
1032 1830 1065 1892 in
1078 1829 1230 1893 adverbia
1243 1829 1405 1906 recedunt,
1422 1846 1504 1909 quae

199 1930 299 1994 etiam
316 1930 349 1992 in
366 1930 524 1993 adverbiis
541 1930 733 2007 notavimus,
751 1939 785 1992 et
804 1938 879 1993 sunt
896 1930 990 2009 infra,
1009 1930 1094 2010 infre
1111 1937 1169 1992 slot
1211 1977 1218 1992 .
1261 1977 1269 1992 .
1312 1977 1319 1991 .
1362 1977 1370 1992 .
1411 1935 1506 2009 aspre

200 2030 253 2093 ello
267 2050 335 2092 cum
347 2030 481 2093 venisset.
522 2031 565 2092 Et
580 2030 730 2109 quamdiu
744 2029 810 2093 sine
824 2030 947 2093 oasibus
960 2029 1175 2106 enuntiantur,
1185 2028 1407 2091 adverbialiter
1417 2038 1505 2105 eunt,

201 2129 334 2209 receptis
351 2129 474 2193 casibus
491 2131 524 2191 in
540 2129 809 2209 praepositiones.l

241 2232 335 2293 From
353 2230 439 2292 these
457 2248 604 2310 passages
622 2249 667 2292 we
686 2230 771 2292 learn
790 2230 862 2292 that
880 2230 1050 2292 Palaemon
1067 2240 1142 2308 puts
1160 2247 1201 2290 an
1219 2238 1312 2291 acute
1330 2238 1442 2290 accent
1460 2247 1503 2290 on

201 2330 254 2393 the
268 2330 380 2393 ultima
391 2331 424 2392 of
436 2348 456 2391 a
468 2330 670 2409 preposition.
712 2330 887 2407 Quintilian
899 2330 1017 2392 refutes
1029 2329 1092 2391 this
1104 2329 1245 2393 doctrine
1259 2328 1292 2390 of
1304 2328 1353 2391 his
1365 2328 1502 2391 teacher.

204 2430 253 2492 Ci.
267 2432 347 2493 Inst.
360 2430 413 2492 Or.
427 2431 454 2505 I,
467 2431 496 2505 5,
510 2431 619 2492 25-29.

242 2529 411 2592 Palaemon
427 2530 514 2609 apud
532 2529 710 2592 Charisium
727 2550 758 2608 p.
778 2531 847 2606 234,
868 2531 905 2592 16
916 2531 957 2592 K.
1378 2584 1382 2591 .

202 2631 285 2692 Item
301 2638 370 2692 onia
384 2629 485 2705 aum,
499 2630 676 2709 pastillum,
689 2631 766 2690 inter
778 2629 876 2705 idum,
890 2629 1094 2709 perusinum:
1107 2628 1166 2691 hae
1179 2629 1428 2708 praepositiones
1440 2647 1504 2689 non

202 2748 377 2809 numquam
393 2729 568 2809 promiscue
589 2730 796 2808 accipiuntur.
838 2731 924 2791 Nam
944 2740 978 2792 et
998 2729 1147 2809 postponi
1169 2728 1271 2790 solent
1291 2738 1325 2791 et
1339 2737 1507 2791 accentum

202 2830 311 2908 utique
334 2838 472 2906 mutant,
493 2828 663 2908 aliquando
683 2839 717 2891 et
738 2848 855 2905 casum,
877 2829 969 2909 quale
995 2838 1045 2891 est
1072 2828 1180 2908 paucis
1203 2830 1274 2891 drale
1293 2828 1408 2904 diebus,
1429 2828 1507 2890 item

202 2939 315 3008 paratos
327 2930 394 3008 post
407 2949 513 3005 annos,
529 2929 607 2991 item
623 2922 720 2991 ‘orma
737 2937 813 2992 tnta
832 2929 994 3005 iuvenum,’
1010 2929 1087 2991 item
1102 2929 1190 2991 illam
1207 2935 1306 3007 penes,
1318 2936 1355 2990 ut
1366 2928 1407 2989 sit
1418 2930 1509 3006 penes

202 3028 515 3108 &lamentationem
535 3029 610 3104 dees,
632 3030 710 3091 itaer
731 3049 817 3090 ormo
836 3029 988 3091 iuvenum.

243 3128 411 3191 Palaemon
421 3128 508 3208 apud
518 3127 695 3190 Charisium
709 3148 741 3207 p.
754 3127 822 3205 227,
838 3130 877 3191 30
890 3128 1142 3191 K.=Diomedes
1154 3147 1186 3207 p.
1201 3127 1270 3204 394,
1296 3128 1310 3188 1
1332 3127 1508 3190 K.=Dosi·

204 3227 296 3292 theus
309 3248 341 3307 p.
358 3230 427 3305 420,
445 3230 483 3290 26
496 3228 538 3290 Κ.

204 3329 287 3390 item
305 3336 340 3391 ut
357 3327 468 3407 recipit
486 3327 611 3390 finitiva
629 3337 724 3390 acuto
743 3337 876 3391 accentu
894 3328 1022 3390 elatum.
1064 3328 1203 3390 Effertur
1221 3336 1341 3401 autem,
1361 3326 1506 3405 quotiens

204 3447 262 3507 pro
274 3448 313 3490 eo
327 3428 479 3508 accipitur
494 3428 580 3508 quod
593 3436 642 3490 est
656 3447 713 3508 quo
726 3429 822 3503 modo,
838 3438 875 3490 ut
889 3427 976 3508 apud
990 3428 1172 3491 Cioeronem
1188 3427 1232 3488 ‘stt
1243 3425 1399 3502 senlinuil,
1413 3426 1506 3489 aomo

203 3546 267 3590 varo
284 3534 319 3590 rit
334 3527 518 3607 cacempsir’
530 3527 623 3590 idest
634 3547 691 3608 quo
701 3529 797 3589 mdo.
838 3527 989 3605 Quotiens
1000 3547 1075 3589 vero
1085 3546 1143 3606 pro
1153 3546 1191 3588 eo
1203 3526 1289 3606 quod
1299 3534 1349 3588 est
1359 3529 1407 3589 iva
1420 3526 1506 3605 apud

206 3627 351 3705 Graecos,
366 3627 477 3707 recipit
491 3628 647 3706 optativa,
662 3626 750 3688 velut
764 3635 797 3689 ut
805 3627 942 3708 sociam·
973 3628 1047 3689 Non
1059 3644 1232 3706 numquam
1243 3634 1349 3689 tamen
1364 3635 1398 3687 et
1411 3635 1506 3688 acuto

205 3736 337 3789 accentu
356 3726 475 3789 elatum
495 3726 605 3806 recipit
626 3725 835 3802 subiunctiva,
856 3726 1034 3806 praeposito
1055 3744 1129 3789 sane
1150 3725 1272 3788 finitive
1293 3725 1399 3802 verbo,
1420 3745 1505 3788 more

204 3846 268 3906 quo
278 3845 372 3905 sopra
383 3826 511 3889 formari
522 3826 654 3888 relativa
665 3826 810 3902 diximus,
823 3836 859 3888 ut
869 3825 956 3905 apud
967 3825 1136 3906 Vergilium

481 3954 661 4036 Infandum,
675 3959 790 4039 regina,
804 3959 892 4022 iubes
903 3977 1053 4022 renovare
1066 3958 1214 4036 dolorem,

482 4060 633 4122 Troianas
649 4060 685 4123 rit
706 4079 781 4139 opes
800 4070 834 4122 et
855 4058 1054 4121 lamentabile
1076 4078 1206 4138 regnum

483 4160 629 4222 Eruerint
639 4160 754 4222 Danai.

245 4292 414 4355 Palaemon
427 4293 512 4372 apud
527 4293 704 4356 Charisium
716 4314 748 4373 p.
765 4296 832 4369 228,
848 4295 867 4354 8
881 4293 1133 4356 K.=Diomedes
1145 4313 1177 4372 p.
1192 4293 1261 4370 394,
1279 4293 1314 4354 12
1328 4292 1370 4354 K.

207 4393 290 4455 Item
318 4412 356 4455 ne
383 4402 478 4455 acuto
506 4404 638 4455 accentu
660 4393 856 4472 imperativa,
880 4393 968 4455 velut
989 4397 1027 4454 ne
1042 4395 1106 4472 soc.
1147 4392 1299 4471 Quotiens
1321 4412 1395 4454 vero
1417 4392 1506 4472 gravi

142 4474 150 4485 ”
204 4502 336 4555 accentu
354 4512 412 4571 pro
430 4512 468 4555 eo
487 4493 572 4573 quod
591 4502 640 4555 est
658 4493 743 4573 apud
763 4492 898 4556 Graecos
917 4497 965 4557 tva
982 4498 1020 4567 μή
1038 4493 1199 4572 accipitur,
1218 4491 1364 4572 optativa
1381 4491 1503 4585 recipit,

206 4601 243 4653 ut
255 4591 342 4671 apud
355 4592 524 4655 Horatium

431 4752 437 4765 ,
976 4692 1016 4753 ne
1029 4691 1127 4753 facias
1140 4690 1225 4770 quod

404 4791 549 4855 Umidius
563 4792 702 4872 quidam.

226 5010 231 5019 ,
247 4956 299 5007 ²In
312 4955 384 5008 these
396 4972 518 5022 passages
531 4955 653 5008 Schocll’s
666 4956 773 5020 reading
784 4956 806 5007 is
817 4955 903 5019 given.
939 4956 985 5008 See
998 4955 1038 5007 bis
1050 4956 1202 5007 leot-notes.
