3942 6130
447 782 522 842 lbra
541 781 727 842 Tnnmnou
748 797 790 841 or
810 796 875 840 rna
895 780 1000 840 Lnrnr
1020 782 1153 841 Accitur
1419 779 1455 840 77

194 981 281 1044 Beda
296 981 335 1044 de
350 982 432 1044 orth.
448 1003 479 1062 p.
498 983 574 1044 2342
590 983 625 1043 P.
647 1008 674 1029 =
695 982 845 1043 Alcuinus
859 1001 891 1060 p.
909 983 987 1042 2140
1002 981 1037 1041 P.

154 1082 236 1143 ‘Pro'
279 1129 287 1145 .
331 1129 338 1143 .
381 1128 389 1143 .
431 1128 439 1141 .
479 1091 513 1144 et
527 1101 584 1161 pro
606 1082 818 1144 interiectione
840 1081 1003 1160 accipitur,
1019 1092 1055 1142 ut
1072 1081 1138 1158 ‘pro
1154 1078 1263 1155 dolor,'
1278 1090 1311 1141 et
1327 1080 1457 1142 circum-

153 1182 300 1244 flectitur.

194 1281 282 1343 Beda
300 1281 339 1344 de
358 1291 449 1343 metr.
469 1292 528 1343 rat.
547 1301 579 1360 p.
600 1282 675 1343 2351
696 1281 731 1342 P.

154 1381 283 1460 Syllaba
304 1390 353 1443 est
377 1381 610 1461 comprehensio
631 1380 819 1456 litterarum,
842 1380 891 1441 vel
915 1381 1007 1442 unius
1030 1380 1146 1441 vocalis
1167 1379 1355 1456 enuntiatio,
1378 1389 1457 1442 tem-

153 1501 268 1561 porum
286 1500 395 1561 capax,
414 1481 488 1560 quia
505 1482 607 1543 omnis
625 1479 746 1558 syllaba
763 1491 820 1542 aut
838 1479 941 1542 brevis
959 1491 1007 1541 est
1024 1490 1058 1541 et
1076 1490 1202 1558 tempus
1219 1480 1329 1558 recipit
1348 1498 1457 1555 unum,

154 1582 241 1660 quod
261 1592 405 1643 atomum
427 1581 548 1644 metrici
570 1591 696 1657 vocant,
719 1592 755 1642 ut
778 1580 901 1660 ‘pater’3
922 1591 980 1642 aut
1008 1580 1101 1659 longa
1127 1590 1187 1656 est,
1208 1590 1242 1641 et
1263 1578 1326 1639 duo
1348 1580 1458 1658 recipit

110 1726 115 1731 -
156 1691 367 1759 temperant
387 1681 522 1756 ‘mater'3
540 1680 592 1743 hic
609 1681 694 1742 enim
714 1681 797 1757 ‘ma',
817 1699 889 1741 cum
908 1679 1023 1742 dicitur
1044 1679 1176 1756 ‘mater’,
1196 1678 1390 1758 longitudine
1410 1680 1458 1740 sui

155 1780 370 1843 circumflexus
391 1791 519 1843 tantum
540 1780 689 1860 temporis
709 1791 853 1859 occupat,
875 1790 1031 1858 quantum
1053 1780 1126 1858 ‘pa',
1147 1779 1252 1855 semel,
1274 1798 1346 1840 cum
1366 1789 1458 1841 acute

155 1882 272 1944 dicitur
291 1880 412 1960 ‘pater'.

198 1982 284 2043 Beda
299 1981 337 2043 de
351 1991 443 2042 metr.
459 1991 518 2042 rat.
533 2000 564 2059 p.
582 1980 659 2042 2358
673 1980 876 2041 P.=Servius
889 1978 928 2041 de
942 1974 996 2041 fin.
1010 1999 1042 2058 p.
1057 1980 1126 2053 451,
1142 1981 1161 2039 9
1176 1980 1217 2039 K.

199 2081 285 2142 Beda
300 2080 444 2143 demetr.
460 2090 520 2141 rat.
534 2099 566 2158 p.
584 2080 660 2141 2363
676 2080 725 2140 Ρ.;
739 2099 789 2142 see
804 2078 925 2141 Audax.

199 2181 378 2242 Bonilacius
398 2198 427 2242 a.
448 2199 493 2259 gr.
518 2177 610 2253 (Mai.
632 2180 721 2241 class.
741 2190 826 2241 auct.
848 2177 924 2253 VII)
946 2199 977 2258 p.
999 2179 1072 2252 544;
1092 2178 1160 2240 545.

158 2283 239 2342 Sunt
255 2279 410 2359 quaedam
425 2281 680 2359 praepositiones,
696 2298 776 2358 quae
793 2290 860 2341 tam
875 2279 981 2355 verbo,
998 2297 1093 2357 quam
1109 2278 1194 2340 casui
1208 2289 1459 2357 praeponuntur;

157 2381 237 2442 aliae
254 2392 382 2443 tantum
399 2378 509 2455 verb0;
526 2378 682 2458 quaedam
700 2388 826 2441 tantum
843 2379 942 2440 casui:
958 2379 1037 2440 aliae
1062 2388 1186 2441 mutato
1202 2388 1335 2467 accentu
1352 2378 1385 2440 in
1401 2376 1456 2439 ad·
1482 2393 1626 2438 munaus:

158 2480 266 2542 verbia
284 2480 411 2542 cedunt.
452 2479 521 2541 Hae
540 2480 683 2558 propriae
702 2478 869 2540 verborum
887 2488 972 2554 sunt,
991 2478 1034 2553 di,
1054 2479 1112 2555 dis,
1132 2498 1179 2554 co,
1198 2498 1267 2554 con,
1288 2499 1330 2556 re,
1349 2497 1391 2555 se,
1411 2496 1456 2553 as,
1483 2482 1582 2524 679754-

161 2630 167 2641 .
204 2628 212 2642 .
249 2627 256 2642 .
293 2627 300 2641 .
335 2581 479 2658 Itemque
496 2579 640 2658 propriae
659 2578 782 2641 casibus
799 2579 971 2658 iungrmtur
988 2577 1060 2639 hae:
1096 2626 1102 2639 .
1140 2625 1147 2638 .
1185 2626 1191 2639 .
1226 2625 1233 2640 .
1272 2580 1352 2641 Sunt
1376 2578 1459 2640 simi-

158 2681 230 2742 liter
251 2699 290 2741 ex
314 2680 475 2755 universis,
499 2698 579 2767 quae
604 2689 728 2741 mutato
751 2689 883 2741 accentu
906 2679 939 2740 in
962 2677 1112 2740 adverbia
1135 2678 1262 2740 cedunt.
1303 2679 1410 2740 Etiam
1427 2679 1458 2739 in

158 2779 262 2842 verbis
271 2791 366 2841 notae
377 2790 462 2856 sunt,
476 2788 510 2839 ut
523 2779 613 2840 ‘infra
627 2779 714 2855 stat',
730 2773 833 2857 ‘supra
847 2779 923 2841 stat’
959 2824 966 2837 .
1002 2826 1008 2838 .
1046 2829 1052 2841 .
1091 2826 1098 2839 .
1133 2778 1295 2858 Quaedam
1309 2777 1459 2857 quamdiu

157 2881 224 2942 sine
245 2877 368 2942 casibus
386 2879 602 2955 enuntiantur,
621 2878 771 2940 adverbia
797 2888 881 2954 sunt,
902 2879 1035 2957 reoeptis
1059 2877 1183 2940 casibus
1201 2878 1460 2957 praepositionem

159 2998 240 3058 quae
264 2978 391 3060 quando
413 2996 488 3041 casu
510 2998 577 3054 suo,
599 2989 633 3039 et
655 2998 760 3057 presso
782 2990 914 3041 accentu
936 2979 1192 3057 pronuntiantur,
1215 2979 1461 3057 praepositiones

159 3089 392 3159 nuncupantur.
440 3127 445 3138 .
491 3125 498 3138 .
544 3126 551 3139 .
600 3089 663 3140 :at
686 3098 760 3140 vero
783 3078 909 3156 quando
932 3097 995 3139 non
1017 3097 1090 3140 cum
1112 3096 1186 3139 casu
1208 3098 1276 3154 suo,
1297 3088 1330 3139 et
1353 3088 1459 3139 tamen

159 3191 255 3241 acuto
272 3189 404 3241 accentu
422 3178 633 3258 proferuntur,
646 3177 797 3239 adverbia
809 3198 875 3239 esse
889 3177 1081 3253 iudicantu13
1100 3189 1136 3239 ut
1154 3177 1332 3240 Sallustius:
1352 3178 1460 3240 ‘Anto-

160 3280 231 3342 nius
248 3279 357 3358 paucis
375 3279 449 3340 Ante
468 3277 577 3339 diebus
595 3279 718 3356 scripsit
735 3298 774 3339 ex
792 3276 892 3340 urbe’:
911 3296 991 3357 quae
1010 3278 1136 3356 quando
1154 3295 1218 3338 non
1232 3296 1304 3340 cum
1317 3296 1391 3339 casu
1404 3297 1460 3338 suo

160 3390 256 3441 acuto
280 3388 413 3440 accentu
438 3378 652 3455 inveniuntur,
676 3396 741 3439 non
767 3379 830 3439 iam
856 3388 930 3440 sunt
955 3378 1211 3457 praepositiones,
1237 3377 1292 3439 sed
1317 3377 1350 3439 id
1376 3378 1461 3456 quod

161 3479 337 3558 significant
353 3478 561 3557 appellantur.
607 3525 613 3537 .
659 3524 665 3537 .
711 3525 718 3537 .
763 3478 830 3539 ‘Re'
846 3488 879 3539 et
897 3477 949 3539 ‘se'
972 3477 1099 3556 quando
1121 3478 1184 3540 sint
1205 3477 1461 3557 praepositiones,

161 3577 288 3658 quando
310 3578 379 3640 aliis
400 3577 544 3657 partibus
566 3579 717 3640 orationis
739 3576 947 3657 respondeant
969 3597 1025 3656 per
1045 3587 1233 3639 accentuum
1250 3596 1342 3639 sonos
1359 3576 1463 3640 dinos-

161 3688 286 3755 cuntur,
306 3678 402 3757 pressi
423 3677 540 3739 scilieet
559 3688 592 3739 et
612 3678 708 3754 acuti,
729 3687 864 3756 utputa
886 3677 1016 3754 ‘refero',
1038 3677 1148 3754 ‘reler',
1170 3677 1282 3739 ‘sedeo'
1286 3725 1461 3754 .....

162 3780 245 3840 Item
273 3777 378 3852 ‘ante',
408 3777 510 3856 ‘post',
545 3778 672 3856 ‘penes',
707 3777 818 3852 ‘inter',
852 3796 936 3838 nunc
961 3788 1199 3857 praeponuntur
1224 3776 1357 3854 casibus,
1378 3796 1463 3839 nunc

162 3888 287 3939 mutato
311 3886 444 3939 accentu
469 3876 713 3955 subiunguntur;
739 3887 774 3937 ut
801 3878 885 3938 ‘ante
910 3878 1018 3952 illum’,
1046 3870 1149 3938 ‘illum'
1166 3878 1263 3938 ante'.

163 3978 214 4039 Cf.
230 3978 343 4038 Audax
355 3996 384 4038 a.
400 3997 444 4056 gr.
463 3974 558 4050 (Keil.
574 3975 644 4038 Iud.
660 3976 762 4038 Schol.
778 3977 850 4038 Hal.
869 3975 944 4038 1875
958 3997 991 4055 p.
1007 3975 1077 4051 IV).

203 4077 353 4139 Alcuinus
374 4096 405 4155 p.
430 4078 508 4137 2084
529 4077 563 4137 P.

163 4179 198 4237 F.
222 4176 348 4255 Syllaba
371 4175 447 4255 quid
467 4179 535 4238 est?
575 4177 606 4238 S.
628 4176 697 4237 Vox
718 4176 861 4238 litteralis
882 4175 941 4237 sub
962 4194 1026 4237 uno
1046 4188 1189 4253 accentu,
1211 4186 1244 4238 et
1266 4195 1329 4236 uno
1351 4177 1462 4254 spiritu

162 4277 296 4355 prolata.
339 4277 373 4337 F.
394 4278 479 4355 Quot
497 4276 610 4338 litteris
628 4275 709 4336 fiunt
728 4275 885 4353 syllabae?
925 4277 955 4338 S.
997 4274 1047 4337 Ab
1067 4294 1130 4337 una
1144 4276 1294 4354 incipiens
1308 4295 1405 4354 usque
1418 4275 1459 4335 ad
1485 4290 1613 4335 areunae:

163 4397 227 4452 sex,
247 4378 285 4452 A,
306 4376 358 4452 ab,
378 4374 446 4452 abs,
467 4375 567 4451 Mars,
587 4385 685 4450 stans,
706 4376 809 4453 stirps.
853 4376 887 4436 F.
909 4375 1016 4437 Habet
1039 4375 1160 4453 syllaba
1183 4394 1308 4437 sensum
1330 4377 1459 4454 perse?
1486 4387 1507 4418 ⁰·
1519 4378 1618 4419 735-114·

164 4479 195 4539 S.
215 4477 288 4538 Non
305 4474 411 4551 habet,
428 4475 489 4537 nisi
504 4476 597 4554 plena
615 4476 711 4535 dictio
727 4494 783 4553 per
800 4493 896 4536 unam
913 4475 1068 4553 syllabam
1084 4486 1217 4549 constet,
1234 4486 1270 4536 ut
1289 4475 1369 4550 ‘ars',
1388 4475 1460 4552 ‘d0',

165 4576 248 4651 ‘dic’,
264 4586 297 4637 et
313 4576 384 4638 alia.
428 4576 462 4636 F.
480 4574 624 4653 Syllabae
641 4585 719 4654 quot
735 4574 902 4636 accidunt?
943 4577 972 4638 S.
1001 4576 1172 4653 Quattuor:
1196 4587 1297 4652 tenor,
1323 4575 1461 4653 spiritus,

166 4687 300 4754 tempus,
319 4694 477 4737 numerus.
510 4675 676 4750 Acuentus,
699 4685 822 4751 acutus,
848 4676 962 4753 gravis,
987 4657 1211 4737 circumflexus.
1253 4676 1292 4735 In
1316 4673 1462 4749 dictione,

165 4786 281 4849 certus;
304 4774 423 4854 absque
447 4774 592 4851 dictione,
617 4776 753 4836 incertus
775 4793 838 4835 non
862 4784 966 4853 potest
992 4786 1100 4836 tamen
1119 4776 1184 4836 sine
1204 4794 1242 4834 eo
1261 4794 1337 4836 esse.

167 4874 217 4937 Cf.
236 4875 412 4937 Priscianus
429 4876 473 4950 II,
494 4875 530 4935 12
547 4894 578 4952 p.
598 4876 646 4949 51,
668 4875 702 4935 15
720 4874 762 4936 Η.
