3942 6130
451 797 527 857 ‘lun
546 797 733 857 Tnanrrrorv
754 810 795 855 or
816 810 881 854 run
901 793 1006 854 Larnr
1026 793 1160 854 Accaus
1417 790 1456 851 95

155 999 211 1062 the
229 999 387 1079 following
404 998 490 1060 word
508 997 534 1059 is
552 1015 573 1057 a
591 997 661 1059 unit
680 997 712 1058 in
726 994 972 1075 pronunciation
989 993 1190 1074 pronounced
1209 992 1309 1056 under
1326 1011 1386 1054 one
1403 1010 1455 1053 ac-

155 1108 238 1176 oent,
251 1099 317 1161 and
329 1098 392 1161 this
405 1099 432 1161 is
444 1096 614 1160 confirmed
627 1095 672 1174 by
684 1113 781 1174 many
792 1095 950 1175 examples
962 1093 1044 1156 from
1056 1092 1255 1173 inscriptions
1267 1092 1333 1155 and
1344 1110 1455 1154 manu·

154 1200 269 1279 scripte
284 1199 385 1261 where
402 1197 456 1260 the
471 1196 665 1277 preposition
680 1196 745 1258 and
760 1213 846 1257 noun
861 1213 914 1256 are
930 1194 1057 1256 written
1072 1192 1216 1273 together
1230 1210 1266 1255 as
1282 1210 1341 1253 one
1358 1192 1453 1255 word.

194 1299 272 1361 This
288 1298 439 1379 principle
457 1297 490 1359 of
508 1296 645 1358 discretio
663 1313 727 1358 was
744 1295 863 1357 carried
881 1302 916 1356 to
934 1293 988 1356 the
1006 1294 1097 1374 point
1115 1292 1148 1354 of
1164 1290 1332 1370 absurdity
1348 1292 1382 1354 in
1399 1292 1454 1355 the

154 1398 240 1461 sirth
252 1418 288 1460 or
301 1397 434 1460 seventh
447 1406 579 1475 century
593 1395 637 1474 by
650 1414 708 1456 one
723 1395 875 1475 Vergilius
887 1394 1110 1474 grammaticus
1127 1378 1179 1468 (cf.
1194 1391 1311 1454 Anecd.
1327 1391 1453 1455 Helvet.

152 1519 185 1579 p.
205 1499 272 1575 190,
290 1500 304 1559 1
322 1495 380 1572 H).
421 1497 489 1559 The
508 1496 599 1559 truth
618 1504 735 1557 cannot
756 1494 795 1556 be
810 1493 960 1556 obtained
976 1493 1059 1555 from
1074 1492 1128 1554 the
1144 1492 1306 1568 tradition,
1322 1490 1454 1553 because

153 1598 209 1660 the
230 1598 401 1661 estimonio
420 1615 474 1658 are
496 1594 684 1675 conflicting,
708 1594 766 1657 but
787 1594 907 1656 certain
928 1593 1173 1656 consideratione
1189 1576 1273 1654 seem
1290 1601 1325 1653 to
1347 1610 1397 1653 me
1420 1600 1454 1652 to

153 1699 246 1778 point
261 1707 296 1759 to
310 1677 365 1759 the
380 1697 479 1759 entire
494 1695 628 1758 absence
642 1695 676 1757 ol
690 1694 768 1757 such
782 1694 929 1755 diseretio.
970 1693 1029 1754 Let
1052 1712 1088 1754 us
1110 1691 1178 1753 first
1193 1691 1336 1754 consider
1349 1710 1369 1752 a
1383 1709 1455 1771 pas

154 1816 228 1877 sage
249 1797 332 1859 irom
354 1797 501 1858 Donatus
526 1792 570 1876 (p.
593 1793 663 1871 387,
685 1792 787 1870 410:
811 1795 892 1856 Sunt
918 1792 1035 1854 multae
1061 1791 1214 1855 dictiones
1236 1790 1349 1854 dubiae
1371 1792 1454 1854 inter

154 1895 341 1960 abverbium
354 1906 388 1958 et
401 1914 527 1972 nomen,
542 1904 579 1958 ut
588 1896 684 1975 solso;
698 1895 780 1957 inter
793 1892 980 1956 adverbium
994 1902 1027 1954 et
1041 1909 1224 1971 pronomen,
1239 1900 1276 1953 ut
1291 1891 1359 1972 qui·
1371 1893 1455 1953 inter
1486 1930 1490 1937 -

1466 941 1507 1289 ,

154 1994 341 2060 adverbium
359 2005 393 2058 et
412 1995 554 2073 verbum,
574 2004 612 2057 ut
632 2004 724 2074 poem
740 1995 822 2056 inter
840 1992 1026 2056 adverbium
1044 2002 1078 2053 et
1096 1992 1308 2071 participium,
1328 2000 1366 2052 ut
1386 1999 1455 2070 pro-
1543 2058 1551 2068 ,

154 2098 239 2171 seem
257 2097 340 2159 inter
357 2094 545 2159 adverbium
562 2105 595 2157 et
615 2094 876 2170 coniunctionem,
897 2103 933 2156 ut
953 2092 1085 2174 quondm
1110 2093 1193 2154 inter
1211 2088 1401 2153 adverbium
1419 2101 1453 2153 et

154 2197 428 2276 praepositionem,
454 2206 490 2258 ut
515 2203 649 2274 Μία,-
670 2194 753 2256 inter
776 2192 961 2256 adverbium
984 2202 1018 2254 et
1042 2192 1299 2268 interiectionem,
1324 2201 1361 2253 ut
1386 2191 1453 2253 heu.

155 2297 279 2358 Horum
304 2296 461 2375 quaedam
492 2303 624 2357 accentu
657 2294 870 2369 discernimus,
897 2293 1053 2371 quaedam
1078 2309 1179 2354 sensu.
1221 2291 1299 2355 This
1323 2310 1453 2370 passage

155 2396 189 2458 oi
204 2397 352 2458 Donatus
368 2396 443 2458 isin
458 2395 572 2457 accord
587 2394 664 2457 with
680 2393 734 2456 the
750 2393 874 2474 general
890 2392 1052 2468 tradition,
1069 2390 1128 2453 but
1143 2410 1163 2453 a
1179 2391 1261 2454 little
1277 2390 1396 2453 farther
1412 2408 1453 2451 on

157 2495 201 2576 (p.
220 2497 289 2572 389,
311 2496 347 2557 13
365 2492 410 2571 K)
429 2516 475 2558 we
492 2495 574 2556 have
600 2495 654 2556 the
675 2494 846 2573 following:
867 2493 947 2555 Sunt
964 2493 1061 2554 etiam
1079 2492 1241 2567 dictiones,
1260 2508 1339 2569 quas
1356 2490 1454 2552 incer·

155 2607 225 2658 tum
238 2603 287 2657 est
304 2605 412 2658 utrum
445 2595 678 2657 coniunctiones
695 2612 738 2655 an
755 2593 1001 2673 praepositiones
1018 2610 1060 2653 an
1078 2590 1228 2653 adverbia
1245 2591 1452 2665 nominemus,

153 2715 229 2776 quoe
241 2704 341 2757 tumen
357 2714 459 2757 omms
475 2713 566 2756 seersu
575 2695 670 2773 surde
685 2694 891 2755 dinoscuntur.

196 2796 415 2858 Furthermore
440 2795 478 2873 Q.
504 2795 669 2856 Terentius
695 2794 839 2869 Scaurus,
864 2810 906 2853 an
931 2792 1105 2871 important
1130 2789 1340 2870 grammarian
1353 2787 1386 2849 of
1411 2806 1453 2849 an

153 2895 264 2957 earlier
280 2896 389 2976 period
410 2892 499 2971 (time
517 2894 550 2955 oi
568 2890 737 2970 Hadrian),
755 2893 830 2954 does
846 2901 904 2953 not
921 2891 1023 2953 admit
1041 2891 1095 2953 the
1114 2890 1297 2952 distinction
1314 2888 1348 2950 ot
1365 2888 1454 2950 hom·

153 3013 267 3073 onyms
290 2995 391 3058 either
415 2993 459 3073 by
481 2995 702 3056 accentuation
725 3012 761 3054 or
785 2991 830 3071 by
852 2990 1088 3071 orthography.¹
1129 2990 1200 3051 Due
1224 2988 1453 3051 consideration

154 3094 266 3157 should
280 3095 319 3157 be
332 3096 425 3175 given
436 3103 470 3155 to
481 3094 545 3157 this
553 3093 702 3157 evidence
708 3092 742 3154 of
755 3094 888 3155 Scaurus
898 3110 940 3152 on
952 3100 1087 3153 account
1098 3089 1131 3151 of
1144 3087 1454 3181 thecomparatively

153 3194 243 3273 early
256 3195 333 3257 time
347 3204 383 3257 at
397 3194 499 3256 which
513 3194 552 3256 he
568 3203 674 3269 wrote,
690 3192 754 3253 and
768 3193 802 3254 in
817 3191 871 3254 the
886 3191 988 3253 words
1002 3191 1036 3253 ol
1051 3189 1185 3253 Schoell:
1206 3189 1267 3250 “In
1280 3188 1330 3250 his
1344 3197 1452 3250 autem

154 3293 301 3357 omnibus
319 3294 396 3356 illud
415 3294 587 3356 tenendum
605 3302 663 3369 est,
684 3292 710 3354 si
728 3310 809 3354 unus
828 3291 918 3353 testis
937 3291 1022 3352 dicat
1042 3289 1127 3369 quod
1145 3288 1189 3350 rei
1208 3297 1452 3350 consentaneum

154 3394 207 3469 sit,
222 3394 255 3457 id
269 3395 341 3474 plus
354 3392 497 3475 probare,
513 3411 610 3473 quam
625 3392 675 3454 vel
690 3392 875 3454 unanimum
889 3399 1064 3453 ceterorum
1078 3390 1220 3451 omnium
1234 3388 1452 3450 consensum.”

195 3494 361 3574 Pompeius
386 3515 418 3573 p.
448 3494 514 3569 131,
540 3493 578 3554 16
602 3493 647 3554 K:
667 3492 886 3554 Pronuntiatio
908 3491 1088 3569 frequenter
1109 3488 1290 3567 corrumpit,
1314 3497 1453 3568 utputa
1525 3512 1530 3523 ·

153 3592 264 3655 doctam
305 3594 393 3672 Quae
419 3591 541 3671 syllaba
574 3591 670 3654 habet
702 3592 885 3653 accentum?
925 3590 998 3666 Doc,
1033 3589 1182 3668 quoniam
1214 3588 1300 3667 prior
1332 3585 1453 3665 syllaba

153 3712 276 3771 semper
293 3692 389 3755 habet
405 3701 580 3754 accentum.
623 3692 742 3754 Ultima
757 3692 842 3753 enim
858 3708 1033 3768 numquam
1049 3688 1146 3751 habet
1162 3698 1220 3750 aut
1236 3688 1270 3749 in
1286 3706 1378 3749 versu
1395 3695 1453 3749 aut
1509 3696 1511 3701 ’

153 3792 187 3853 in
207 3810 310 3872 prosa.
352 3793 442 3855 Adde
461 3792 506 3854 illi
527 3791 788 3868 coniunctionem,
808 3800 841 3852 et
862 3790 950 3853 vides
970 3789 1120 3868 quoniam
1139 3788 1224 3868 prior
1244 3786 1364 3865 syllaba
1384 3806 1454 3864 per-

152 3892 209 3954 det
228 3901 404 3970 accentum,
424 3902 504 3972 puta
526 3891 708 3970 ‘doctusque
729 3890 918 3952 Palaemon'.
960 3890 1030 3951 Iam
1049 3889 1159 3968 incipit
1178 3905 1243 3949 non
1262 3887 1295 3949 in
1314 3887 1367 3949 doc
1386 3906 1452 3948 esse

150 4001 311 4069 accentus,
325 3992 380 4054 sed
401 3993 435 4055 in
448 3999 511 4067 tua·
522 4010 592 4054 ecce
606 3991 718 4053 ultima
730 3990 851 4068 syllaba
864 3988 994 4051 habebit
1010 3999 1186 4051 accentum.
1228 3987 1271 4049 Et
1284 4005 1364 4066 quae
1377 3995 1452 4047 sunt

149 4100 259 4171 partes
285 4110 365 4171 quae
391 4091 519 4154 additae
552 4100 757 4171 corrumpunt
790 4090 928 4170 regulas?
965 4089 1040 4151 Non
1071 4089 1155 4150 enim
1181 4106 1298 4148 omnes.
1342 4132 1349 4147 .
1393 4134 1399 4145 .
1444 4133 1451 4146 .

151 4191 196 4252 Et
207 4201 282 4253 sunt
293 4192 443 4268 istaezne,
457 4192 585 4271 quando
594 4201 643 4253 est
653 4190 841 4267 coniunctio,
851 4209 922 4252 ecce
936 4188 1032 4251 habes
1046 4207 1154 4264 unam3
1172 4207 1212 4262 ve,
1249 4234 1256 4248 .
1293 4233 1300 4247 .
1337 4232 1344 4247 .
1389 4232 1396 4246 .
1444 4205 1452 4261 ;

149 4309 216 4371 qrte,
262 4337 268 4350 .
315 4338 322 4353 .
364 4337 371 4352 .
417 4338 424 4351 .
473 4310 526 4366 ;ee
527 4336 739 4367 .....
780 4290 863 4351 Puta
873 4291 1002 4369 pamas,
1015 4288 1097 4351 adde
1112 4305 1220 4349 omnes
1233 4286 1311 4348 istas
1332 4300 1452 4365 partes:

150 4391 310 4469 primurm
351 4436 358 4450 .
402 4437 408 4450 .
455 4437 460 4449 .
507 4437 513 4450 .
558 4391 618 4461 Sed
642 4390 723 4452 forte
749 4390 834 4451 dictu
860 4389 935 4452 mihi
963 4389 1027 4451 ‘sed
1045 4388 1160 4466 positio
1179 4385 1360 4465 corrumpit,
1388 4403 1452 4444 non

148 4508 293 4552 accessus
320 4491 453 4553 istarum
479 4490 639 4570 partium'.
680 4490 788 4552 Etiam
804 4490 830 4551 si
846 4489 961 4568 positio
977 4506 1042 4549 non
1064 4487 1235 4563 accederet,
1259 4496 1366 4549 tamen
1387 4503 1454 4546 cor·
1498 4486 1500 4491 ’

149 4600 348 4669 rumperetur
368 4601 526 4652 accentus.
568 4591 651 4651 Puta
671 4589 778 4665 Maso,
799 4594 853 4652 nui
873 4588 969 4651 habet
995 4598 1173 4662 accentum3
1199 4586 1281 4647 adde
1304 4584 1349 4646 illi
1375 4584 1452 4646 istas

148 4698 268 4770 partes,
288 4699 322 4752 et
342 4689 561 4770 corrumpitur,
583 4689 718 4751 Muttine
761 4736 768 4748 .
814 4736 821 4749 .
865 4734 871 4747 .
917 4734 924 4748 .
971 4705 1071 4748 :ecce
1098 4686 1150 4749 illa
1178 4704 1258 4765 quae
1278 4694 1328 4746 est
1348 4683 1452 4747 brevis

150 4789 264 4851 ultima
278 4789 347 4869 ipsa
361 4789 458 4851 habet
472 4798 648 4851 accentum.
691 4790 734 4851 Et
748 4788 882 4850 diximus
897 4788 981 4867 quia,
998 4787 1124 4866 quando
1139 4784 1333 4864 paenultima
1348 4783 1452 4846 brevis

192 4938 201 4970 ¹
209 4937 255 5072 SCf.
265 4936 412 4990 Priscianus
424 4938 460 5002 X,
471 4935 502 4990 57
512 4953 539 5003 p.
552 4934 632 5000 sem
643 4938 671 4988 Η
681 4936 768 5001 (given
779 4936 861 4989 under
870 4933 1006 4998 Scaurus),
1016 4936 1048 5000 Q.
1059 4933 1197 4986 Terentius
1208 4931 1321 4984 Scaurus
1330 4931 1363 4985 de
1373 4931 1452 4984 Orth.

148 5038 176 5088 ρ.
192 5022 207 5072 2
227 5061 234 5084 ,
252 5020 262 5070 1
283 5021 317 5073 K.
