3942 6130
517 796 555 857 82
977 797 1084 875 Jnrras
1105 796 1136 858 S.
1158 796 1357 857 Manrronn

518 994 619 1074 ‘pone'
639 1004 673 1057 et
695 994 797 1075 ‘ergo'.
840 997 929 1056 Inter
950 994 1051 1075 ‘pone'
1068 1004 1101 1056 et
1120 994 1221 1074 ‘pone'
1240 994 1317 1073 quid
1334 995 1450 1058 distat?
1491 994 1524 1058 Si
1540 994 1647 1057 dixero
1665 993 1767 1074 ‘pone'
1784 1005 1819 1057 et

516 1094 711 1175 paenultimo
733 1094 801 1157 looo
823 1093 969 1157 habuerit
992 1105 1167 1171 accentum,
1190 1095 1250 1157 erit
1273 1093 1404 1157 verbum
1426 1094 1605 1173 imperativi
1628 1094 1724 1157 modi
1766 1095 1819 1157 Da

516 1194 584 1257 eius
604 1194 791 1274 exemplum.

796 1295 882 1356 Pone
899 1294 1107 1374 supercilium,
1125 1294 1150 1356 si
1168 1302 1200 1356 te
1218 1294 1377 1373 cognoscis
1393 1293 1539 1356 amicum.

516 1395 603 1457 Nam
623 1394 648 1456 si
668 1394 780 1456 ultimo
801 1395 869 1456 loco
889 1392 1035 1456 habuerit
1054 1403 1221 1456 accentum
1239 1404 1274 1456 et
1294 1391 1496 1456 subsecutum
1516 1393 1611 1456 fuerit
1631 1412 1747 1456 nomen
1767 1411 1819 1455 ac·

398 1488 401 1495 '
516 1493 651 1556 cusativi
670 1512 770 1570 casus,
789 1493 849 1556 erit
867 1494 1066 1574 praepositio.
1110 1495 1162 1556 Da
1179 1494 1247 1555 eius
1264 1492 1451 1573 exemplum.

717 1595 802 1656 Pone
822 1592 907 1656 laces
927 1593 1035 1655 caudis
1055 1592 1258 1673 circumligat,
1279 1593 1312 1655 in
1333 1603 1403 1656 sata
1423 1592 1534 1655 mittit.

517 1692 550 1756 si
565 1692 698 1755 verbum
713 1692 916 1756 subsecutum
930 1692 1026 1756 fuerit
1040 1703 1074 1756 et
1089 1693 1122 1755 in
1137 1692 1206 1772 ipsa
1222 1692 1334 1755 ultima
1349 1692 1470 1772 syllaba
1483 1692 1629 1755 babuerit
1640 1703 1818 1768 acoentum,

515 1794 576 1855 erit
594 1792 781 1855 adverbium
800 1793 869 1869 loci,
890 1793 975 1873 quod
994 1791 1149 1873 sigrrifioat
1175 1792 1278 1854 ‘retro’
1306 1793 1418 1872 ‘pone'.
1461 1794 1514 1855 Da
1537 1793 1605 1855 eius
1629 1792 1818 1872 exemplum.

715 1894 799 1955 Pone
820 1892 905 1955 subit
926 1892 1048 1969 coniux,
1069 1891 1198 1955 ferimur
1216 1911 1273 1972 per
1292 1911 1391 1972 opaca
1411 1893 1560 1955 locorum.

515 1991 604 2055 Inter
626 1992 717 2073 ‘ergo’
738 2002 772 2055 et
794 1993 886 2073 ‘ergo'
903 1993 979 2072 quid
1000 1976 1118 2055 distat?
1159 1993 1191 2056 Si
1214 1992 1325 2055 ultima
1341 1992 1462 2072 syllaba
1479 1992 1624 2054 habuerit
1639 2002 1817 2069 amentum,

515 2092 575 2155 erit
594 2091 782 2155 adverbium
800 2091 1004 2173 prohibentis.
1046 2094 1100 2155 Da
1117 2092 1184 2155 eius
1202 2092 1388 2172 exemplum.

716 2193 798 2272 Ergo
816 2192 965 2255 iudicium
980 2192 1059 2255 nihil
1075 2202 1134 2268 est,
1150 2192 1211 2255 nisi
1226 2192 1353 2272 publica
1375 2211 1500 2255 meroes.

516 2291 548 2355 Si
569 2311 644 2354 vero
664 2291 860 2371 paenultimo
881 2291 949 2354 looo
974 2290 1120 2354 babuerit
1139 2302 1315 2368 accentum,
1342 2293 1402 2355 erit
1429 2292 1617 2354 coniunctio.
1670 2293 1722 2354 Da
1749 2293 1819 2354 eius

515 2391 703 2471 exemplum.

715 2492 797 2571 Ergo
822 2492 899 2571 quid
924 2491 997 2554 hinc
1020 2492 1159 2571 agimus?
1199 2510 1285 2553 nunc
1310 2500 1341 2554 te
1367 2511 1451 2572 rogo,
1477 2491 1559 2554 celsa
1583 2501 1734 2570 potestas

556 2591 728 2671 Paperinus
746 2591 779 2653 in
799 2591 868 2654 cod.
890 2592 981 2654 Bern.
1007 2593 1075 2653 123:
1095 2591 1212 2653 Aneod.
1233 2590 1360 2654 Helvet.
1379 2611 1412 2672 p.
1435 2592 1553 2654 CCLH
1572 2592 1615 2653 H.

515 2691 550 2752 F.
571 2692 605 2754 5·
623 2692 707 2754 Item
726 2691 910 2770 Paperinus:
929 2692 1026 2754 Nulla
1044 2711 1106 2752 vox
1125 2691 1259 2754 duarum
1278 2691 1329 2753 vel
1346 2691 1483 2771 plurium
1502 2690 1694 2771 syllabarum
1720 2700 1817 2753 acuto

515 2809 591 2852 sono
607 2790 640 2853 in
657 2790 770 2853 ultima
787 2791 986 2868 terminatur;
1003 2790 1234 2853 circumflexum
1250 2809 1316 2852 non
1331 2791 1394 2853 alia
1409 2810 1483 2871 pars
1498 2800 1694 2871 postremum
1707 2790 1816 2863 babet,

513 2890 574 2952 nisi
593 2909 677 2969 pars,
698 2891 786 2953 cuius
805 2891 959 2970 posterior
979 2890 1100 2970 syllaba
1119 2901 1235 2953 natura
1255 2890 1348 2970 longa
1368 2891 1513 2967 excurrit,
1537 2900 1696 2971 quaeant
1720 2890 1816 2952 arnis-

515 2990 600 3052 sione
622 2990 750 3054 ultimae
771 2991 909 3070 syllabae
929 2990 1146 3053 litterarumve
1167 3001 1358 3066 autentum,
1377 3009 1456 3071 quae
1474 3001 1549 3052 sunt
1565 2999 1640 3053 ante
1658 2989 1815 3065 ultimam,

514 3090 733 3170 corrumpitur,
747 3100 784 3153 ut
798 3090 912 3170 ‘pacat'
928 3091 1055 3170 ‘opplet’
1070 3089 1160 3154 ‘finit'
1175 3090 1291 3170 ‘agnot'
1307 3090 1416 3153 ‘audit’
1429 3090 1541 3152 ‘addic’
1554 3090 1678 3152 ‘adduc'
1690 3082 1815 3152 ‘adhuc'

515 3189 668 3269 ‘posthac'
687 3189 841 3253 ‘antehac'
860 3190 954 3252 ‘audi’
974 3190 1077 3270 ‘cupi',
1095 3209 1176 3270 quae
1193 3191 1286 3270 plena
1302 3200 1336 3252 et
1352 3191 1474 3268 integra
1490 3190 1553 3252 alia
1576 3199 1662 3265 sunt,
1686 3199 1723 3251 ut
1750 3191 1816 3269 ‘pa-

514 3289 608 3352 ravit'
628 3288 788 3370 ‘opplevit'
807 3289 931 3353 ‘finivit'
944 3290 1094 3370 ‘agnovit’
1109 3290 1251 3352 ‘audivit'
1264 3283 1393 3353 ‘addice'
1408 3282 1549 3353 ‘adduce'
1563 3282 1706 3352 ‘adbuce’
1719 3282 1816 3369 ‘post-

513 3388 602 3451 bace'
621 3382 786 3452 ‘antihaoe'
805 3382 932 3452 ‘audivi'
951 3390 1091 3470 ‘cupivi'z
1108 3389 1201 3453 huius
1219 3410 1342 3470 quoque
1366 3390 1486 3469 generis
1503 3398 1578 3452 sunt
1602 3389 1702 3451 ‘istoc’
1723 3389 1814 3451 ‘illoc’

514 3487 615 3551 ‘istac'
635 3488 726 3551 ‘illac’
747 3489 837 3561 ‘istic'
858 3489 950 3551 ‘illic'.

554 3589 602 3650 Ex
619 3588 687 3650 cod.
707 3589 798 3651 Bem.
818 3590 857 3651 83
877 3586 969 3663 (saec.
987 3585 1050 3665 X):
1066 3589 1184 3652 Anecd.
1202 3588 1329 3651 Helvet.
1347 3609 1379 3668 p.
1401 3588 1467 3665 173,
1486 3591 1525 3651 30
1542 3590 1584 3650 Η.

514 3686 573 3749 Illa
589 3688 718 3750 nomina
736 3688 865 3765 Graeca,
885 3707 965 3769 quae
982 3699 1057 3751 sunt
1073 3689 1169 3752 tortia
1187 3689 1235 3751 vel
1252 3689 1445 3768 principalia,
1464 3688 1674 3768 corripiuntur
1690 3687 1723 3750 in
1741 3706 1815 3767 pae-

513 3786 658 3864 nultima,
677 3796 715 3850 ut
734 3787 899 3868 ‘allegoria'
920 3789 1038 3851 ‘ironia’
1059 3789 1218 3852 ‘historia'.
1262 3789 1409 3852 Similiter
1425 3798 1459 3850 et
1477 3788 1540 3865 illa,
1559 3806 1640 3867 quae
1659 3788 1732 3850 licet
1751 3787 1815 3849 sint

513 3888 697 3967 composita,
717 3906 781 3949 non
801 3899 876 3951 sunt
896 3898 1002 3951 tamen
1022 3907 1042 3950 a
1062 3889 1240 3952 masculinis
1260 3889 1419 3951 venientia
1437 3898 1471 3951 et
1490 3888 1617 3967 insuper
1635 3905 1732 3950 unam
1753 3887 1815 3966 syl-

512 3985 620 4049 labam
634 3987 666 4050 in
683 3988 763 4051 duas
778 3987 889 4052 breves
904 3988 1088 4065 dividentia,
1106 3996 1143 4050 ut
1160 3987 1313 4050 ‘melodia'
1332 3988 1526 4068 ‘psalmodia'
1541 3981 1719 4068 ‘prosodia',
1732 4005 1814 4065 quae

512 4088 686 4168 composita
702 4107 769 4151 esse
790 4097 880 4168 patet
896 4088 938 4151 ab
958 4089 1052 4163 ‘oda’;
1073 4107 1166 4166 porro
1182 4087 1236 4150 illa
1251 4089 1390 4164 nomina,
1407 4105 1489 4167 quae
1506 4098 1617 4150 sunta
1634 4087 1815 4149 masculinis

512 4188 681 4264 venientia,
699 4197 736 4249 ut
755 4188 880 4267 ‘sophus
898 4188 997 4267 sophi’
1017 4187 1158 4266 ‘sophia',
1177 4187 1320 4250 utillud:

718 4287 835 4366 Sophia
850 4298 929 4349 nota
946 4298 1019 4349 tuae
1037 4288 1136 4349 menti
1152 4296 1186 4349 et
1203 4306 1291 4349 mens
1307 4297 1385 4348 nota
1403 4287 1540 4366 sophiae,

514 4385 726 4466 ‘philosophus
736 4386 923 4466 philosophi'
936 4381 1152 4466 ‘philosophia'
1165 4387 1360 4466 ‘acyrologia'
1372 4386 1578 4465 ‘macrologia’
1594 4386 1815 4466 ‘perissologia'

514 4485 707 4565 ‘tautologia’
727 4480 903 4566 ‘theologia’
918 4487 1081 4566 ‘analogia'
1100 4487 1311 4567 ‘artigraphia'
1330 4486 1573 4566 ‘orthographia'
1592 4496 1625 4548 et
1643 4495 1748 4548 cetera
1767 4486 1818 4548 his

513 4585 624 4647 similia
637 4585 854 4663 producuntur
864 4586 896 4647 in
908 4587 1115 4666 paenultima3
1129 4587 1203 4666 quia
1213 4588 1297 4648 enim
1307 4586 1462 4648 dirivatur
1474 4586 1516 4648 ab
1531 4586 1660 4663 ‘urano’,
1673 4587 1817 4650 ‘Urania'

511 4684 696 4764 producitur
714 4685 919 4764 paenultima,
939 4698 974 4748 ut
993 4698 1041 4749 est
1059 4686 1149 4749 illud:

711 4784 829 4848 Urania
843 4785 910 4866 poli
924 4795 1030 4849 motus
1047 4796 1205 4849 scrutatur
1219 4795 1253 4848 et
1269 4795 1365 4849 astra.
