3942 6130
509 835 550 897 36
971 834 1079 913 Jmm's
1098 832 1130 895 S.
1153 832 1352 894 McLauonr

509 1033 559 1097 his
573 1033 658 1096 enim
674 1032 810 1095 maxime
825 1025 1013 1095 accentuum
1029 1030 1078 1094 lex
1093 1040 1180 1094 certa
1195 1051 1263 1094 esse
1278 1050 1343 1093 non
1358 1040 1476 1111 potest,
1492 1050 1564 1093 cum
1581 1029 1624 1093 sit
1639 1030 1812 1093 absurdum

509 1153 530 1195 a
549 1134 679 1196 turbato
697 1131 816 1195 tenoris
833 1131 954 1213 exigere
972 1131 1137 1194 rationem.

550 1233 721 1296 Diomedes
732 1252 764 1313 p.
778 1232 849 1306 433,
862 1234 900 1294 35
916 1232 960 1293 K:
975 1252 1026 1294 see
1039 1234 1196 1294 Donatus.

521 1338 524 1345 '
551 1333 722 1396 Diomedes
734 1352 767 1413 p¹
781 1333 851 1407 434,
868 1333 881 1393 1
899 1332 941 1393 K.

511 1434 667 1495 Accentus
686 1431 773 1495 acuti
790 1442 867 1495 nota
887 1431 933 1494 ita
946 1434 979 1502 l
992 1451 1048 1510 per
1064 1430 1227 1511 obliquum
1247 1431 1419 1494 ascendens
1439 1430 1473 1493 in
1493 1431 1653 1493 dexteram
1677 1440 1811 1510 partem.

511 1533 626 1595 Gravis
647 1543 724 1595 nota
746 1531 792 1594 ita
804 1534 871 1600 &a
892 1550 1016 1594 summo
1037 1532 1071 1593 in
1093 1529 1254 1610 obliquam
1276 1530 1437 1593 dexteram
1462 1538 1586 1610 partem
1608 1530 1811 1593 descendens.

512 1632 710 1695 Circumflexi
729 1642 806 1694 nota
825 1632 865 1695 de
883 1641 978 1694 acuto
991 1641 1024 1693 et
1036 1632 1124 1710 gravi
1144 1631 1305 1710 liguratur,
1319 1630 1371 1693 vel
1388 1652 1404 1693 c
1424 1631 1569 1694 deorsum
1588 1641 1734 1710 spectans
1762 1629 1810 1693 Λ.

510 1734 637 1812 Longus
656 1731 738 1795 linea
758 1751 778 1794 a
798 1731 924 1795 sinistra
943 1730 977 1793 in
998 1731 1158 1793 dexteram
1178 1741 1302 1810 partem
1321 1731 1495 1811 aequaliter
1514 1731 1660 1794 ducta-.
1702 1730 1813 1792 Brevis

511 1832 632 1911 virgula
641 1832 783 1895 similiter
793 1830 971 1907 iacens,sed
979 1832 1085 1910 panda
1094 1841 1126 1894 et
1136 1831 1336 1907 contractior,
1344 1831 1458 1911 quasia
1468 1850 1591 1893 sursum
1600 1840 1746 1910 spectans
1760 1856 1811 1893 υ.

512 1933 572 1995 Sed
589 1932 622 1994 in
639 1932 700 1995 illis
716 1951 820 2007 sonos,
836 1931 871 1993 in
887 1931 936 1993 his
954 1939 1097 2010 tempora
1113 1931 1234 1994 dinosci
1251 1930 1405 1993 videmus.
1446 1932 1569 1993 Horum
1585 1940 1693 1993 autem
1710 1930 1813 1992 officio

511 2034 556 2094 sic
582 2033 710 2109 utimur,
736 2052 777 2094 ne
802 2030 1018 2111 productionis
1043 2020 1094 2093 vel
1119 2030 1323 2110 correptionis
1348 2031 1430 2093 ratio
1455 2031 1676 2094 confundatur.
1717 2031 1813 2110 Apud

511 2132 641 2195 Latinos
653 2133 736 2194 enim
750 2131 889 2212 quinque
901 2130 1025 2193 litterae
1037 2131 1161 2194 vocales
1173 2140 1240 2193 tam
1253 2132 1469 2211 producrmtur
1482 2150 1577 2211 quam
1590 2129 1811 2209 corripiuntur.

414 2247 417 2253 ·
512 2232 722 2295 Inveniuntur
742 2231 850 2311 itaque
871 2233 1026 2311 quaedam
1046 2231 1175 2294 nomina
1196 2231 1388 2310 homonyma
1408 2241 1442 2293 et
1461 2230 1635 2310 participiis
1655 2241 1689 2293 et
1709 2230 1813 2292 verbis

512 2331 635 2407 similia,
652 2331 714 2395 alia
731 2351 856 2411 quoque
872 2330 1040 2394 adverbiis.
1081 2333 1131 2394 De
1147 2331 1261 2411 quibus
1278 2331 1354 2411 quid
1371 2331 1434 2394 dici
1448 2341 1565 2411 potest,
1582 2330 1643 2393 nisi
1659 2331 1744 2411 quod
1761 2349 1813 2392 ac-

512 2442 622 2494 centus
650 2433 692 2494 sit
720 2432 838 2494 arbiter
864 2433 1042 2494 discernens
1071 2432 1234 2512 utriusque
1262 2430 1455 2511 significatus
1483 2429 1710 2494 differentiam?
1752 2431 1812 2505 Sic,

513 2529 723 2610 [homonyma]
751 2542 866 2611 parens
892 2531 1067 2612 obsequens
1092 2531 1295 2611 significatur,
1322 2531 1511 2614 intellegitur
1537 2542 1570 2594 et
1597 2541 1699 2611 pater:
1725 2530 1814 2609 prius

512 2631 713 2712 participium
723 2642 771 2694 est
781 2631 1055 2694 tractumaverbo
1065 2633 1149 2710 quod
1160 2641 1208 2693 est
1217 2642 1318 2710 pareo,
1329 2631 1484 2711 posterius
1493 2651 1618 2695 nomen.
1659 2629 1814 2709 Quotiens

511 2731 608 2810 igitur
620 2732 821 2812 participium
834 2716 1000 2811 significat,
1014 2731 1148 2811 primam
1162 2731 1315 2811 syllabam
1328 2733 1539 2811 producimus,
1553 2742 1590 2794 ut
1603 2741 1652 2793 est
1664 2730 1814 2810 Vergilia·

514 2851 574 2893 nus
584 2832 645 2907 ille,

939 2932 1071 3010 Iamque
1081 2931 1151 2993 ibat
1162 2930 1248 2993 dicto
1259 2940 1386 3012 parensj,

512 3030 644 3093 eandem
653 3030 876 3094 veroinaltera
885 3031 1112 3111 significatione
1120 3031 1313 3111 corripimus,
1322 3043 1359 3095 ut
1367 3041 1416 3095 est

1057 3131 1149 3193 Alma
1161 3136 1284 3210 parens.

514 3231 596 3292 Item
612 3230 716 3293 verbis
731 3229 843 3292 similia
858 3230 912 3306 sic,
928 3231 1010 3293 labor
1024 3241 1073 3293 est
1087 3251 1202 3292 nomen
1217 3241 1249 3294 et
1265 3231 1352 3294 verbi
1367 3231 1470 3311 prima
1485 3231 1613 3310 positio:
1628 3230 1661 3291 in
1676 3230 1816 3292 nominis

513 3329 740 3409 significatione
753 3330 888 3411 primam
902 3329 1055 3409 syllabam
1069 3330 1263 3411 corripimus,
1278 3342 1314 3393 ut
1327 3342 1376 3394 est
1451 3359 1455 3366 -

1021 3439 1070 3493 tot
1083 3431 1168 3494 adire
1182 3430 1315 3507 libores3

514 3529 594 3591 etin
607 3529 695 3591 verbi
708 3530 919 3608 producimus,
933 3540 970 3592 ut
983 3539 1032 3592 est
1116 3520 1121 3531 ’

938 3629 1111 3709 matrisque
1123 3630 1282 3693 adlabitur
1294 3651 1398 3693 aures.

516 3740 548 3789 et

937 3849 1076 3892 summas
1088 3829 1261 3908 perlabitur
1275 3831 1385 3892 undas.

514 3928 596 3989 Item
616 3928 773 3990 adverbiis
791 3928 845 4028 sic²
864 3931 922 3991 late
940 3938 988 3991 est
1006 3939 1040 3992 et
1057 3929 1242 3992 adverbium
1261 3940 1294 3991 et
1313 3930 1444 3992 verbum
1464 3930 1549 3992 modi
1567 3929 1760 4009 imperativi:
1780 3930 1813 3990 in

514 4027 664 4089 adverbio
680 4037 745 4090 tam
759 4030 861 4107 prima
876 4028 997 4108 syllaba
1010 4029 1203 4109 producitur,
1218 4040 1255 4091 ut
1269 4040 1317 4092 est

932 4130 1017 4191 Hinc
1030 4129 1181 4209 populum
1199 4128 1263 4192 late
1275 4150 1391 4209 regem,

514 4246 609 4305 quam
623 4226 656 4288 in
669 4228 756 4290 verbi
770 4227 998 4307 significatione
1010 4229 1186 4308 corripitur,
1200 4241 1237 4292 ut
1250 4239 1298 4292 est

919 4331 985 4392 Aut
997 4329 1111 4409 aliquis
1124 4330 1202 4392 latet
1215 4350 1300 4392 error
1313 4349 1405 4409 equo,

512 4424 589 4487 item
1004 4488 1006 4493 ⁴

1024 4530 1064 4590 Ν
1058 4549 1092 4590 ec
1106 4529 1224 4591 latuere
1237 4529 1301 4592 doli

512 4632 546 4687 et

962 4728 1007 4790 Ut
1021 4728 1125 4807 superi
1138 4728 1274 4805 voluere,
1289 4729 1361 4791 late.

513 4824 628 4887 Omnia
648 4837 755 4888 autem
775 4827 955 4890 huiusmodi
974 4827 1095 4889 facilius
1115 4848 1151 4889 ex
1172 4829 1302 4890 metrica
1322 4838 1480 4891 structura
1493 4827 1811 4908 comprehenduntur.

514 4924 573 4985 His
587 4926 728 4989 adiciunt
741 4927 879 5005 hyphen,
895 4926 983 4989 cuius
997 4927 1098 4989 forma
1112 4937 1160 4989 est
1175 4928 1296 5007 virgula
1307 4948 1430 4991 sursum
1438 4929 1552 4991 sensim
1565 4937 1697 4992 curvata
1707 4929 1812 4990 subia-
