3942 6130
497 796 572 856 Tns
591 796 778 856 hammon
800 811 841 856 or
861 812 926 857 rus
945 796 1052 857 Lanu
1071 796 1205 858 Accam
1466 799 1500 859 11

445 996 483 1057 In
499 1015 562 1075 quo
576 994 654 1057 haec
668 994 809 1058 discebat
822 995 897 1059 lr'rdo
912 995 1116 1060 exadversum
1132 995 1202 1058 loco

446 1096 593 1157 Tostrina
606 1105 674 1157 erat
688 1095 852 1175 quaedam.

242 1235 290 1297 M.
303 1235 445 1298 Valerius
456 1235 577 1298 Probus
588 1235 675 1316 apud
689 1235 823 1298 Gellium
835 1237 877 1298 N.
890 1235 928 1297 A.
942 1237 1022 1311 IIII,
1037 1236 1064 1298 7.

202 1334 343 1397 Valerius
359 1334 479 1398 Probus
496 1337 718 1416 grammaticus
735 1336 816 1397 inter
833 1355 922 1398 suam
937 1346 1077 1397 aetatem
1092 1338 1268 1415 praestanti
1283 1337 1413 1399 scientia
1429 1336 1500 1400 luit.

203 1435 236 1496 Is
258 1434 488 1498 ‘Hanniba1em’
509 1448 542 1498 et
565 1434 813 1498 ‘Hasdrubalem'
834 1444 868 1497 et
890 1435 1119 1497 ‘Hamichrem'
1140 1437 1186 1498 ita
1206 1436 1443 1517 pronuntiabat,
1465 1446 1502 1499 ut

201 1535 428 1614 paenultimam
447 1534 712 1613 circumflecteret,
733 1544 813 1597 teste
832 1535 964 1615 epistola
984 1535 1050 1598 eius
1070 1536 1187 1616 scripta
1201 1536 1244 1598 ad
1260 1536 1456 1613 Marcellum,
1469 1537 1501 1598 in

204 1653 266 1713 qua
290 1635 439 1697 Plautum
462 1645 496 1697 et
518 1635 656 1697 Ennium
677 1635 853 1714 multosque
875 1635 953 1697 alios
975 1644 1096 1697 veteres
1117 1655 1155 1697 eo
1172 1636 1267 1698 modo
1283 1636 1501 1716 pronuntiasse

201 1734 348 1812 affirmat,
375 1734 470 1797 solius
496 1745 601 1797 tamen
627 1736 721 1797 Ennii
747 1754 871 1797 versum
897 1754 995 1796 unum
1019 1735 1110 1815 ponit
1139 1755 1177 1797 ex
1208 1735 1286 1798 libro
1316 1737 1370 1816 qui
1400 1736 1502 1816 Scipio

202 1833 389 1897 inscribitur.
431 1836 513 1897 Eum
534 1855 659 1897 versum
680 1836 835 1915 quadrato
855 1853 985 1896 numero
1006 1834 1127 1897 lactum
1155 1835 1353 1913 subiecimus,
1372 1836 1405 1897 in
1427 1855 1500 1915 quo,

201 1933 263 1995 nisi
284 1934 378 1997 tertia
400 1934 520 2015 syllaba
540 1935 579 1998 de
600 1934 786 1997 Hannibalis
806 1935 931 1996 nomine
949 1934 1141 1997 circumflexe
1158 1946 1331 2015 promatur,
1354 1954 1502 1998 numerus

202 2033 362 2096 clausurus
373 2044 432 2097 est.
473 2037 587 2098 Versus
600 2035 694 2096 Ennii
706 2054 800 2114 quem
812 2034 890 2096 dixit
903 2034 948 2095 ita
961 2044 1021 2096 est:

437 2169 589 2255 Qualque]
606 2185 734 2255 propter
751 2173 938 2237 Hannibalis
956 2175 1062 2254 copias
1079 2174 1264 2239 considerat.

202 2316 332 2389 Probus,
346 2336 387 2378 on
401 2316 455 2378 the
470 2316 666 2396 presumable
682 2316 766 2379 basis
783 2316 816 2378 oi
833 2315 931 2377 Punic
948 2334 1053 2395 usage,
1070 2316 1220 2395 regarded
1237 2315 1323 2378 these
1344 2315 1445 2378 words
1465 2334 1502 2378 as

201 2416 484 2497 properispomena.
519 2417 585 2478 But
598 2416 621 2478 if
635 2417 674 2479 he
691 2416 756 2478 had
771 2415 897 2477 noticed
912 2415 1045 2477 another
1057 2434 1145 2478 verse
1159 2415 1192 2476 oi
1203 2415 1332 2492 Ennius,
1346 2415 1385 2477 he
1397 2414 1501 2477 would

202 2515 283 2577 have
300 2536 371 2579 seen
385 2516 457 2578 that
469 2517 589 2578 Ennius
601 2517 718 2579 admits
732 2514 911 2578 ‘Hannibal’
925 2513 1002 2577 with
1014 2534 1034 2577 a
1048 2515 1137 2578 short
1150 2516 1303 2578 ultimate.
1346 2517 1401 2578 See
1415 2515 1452 2576 A.
1467 2535 1499 2577 v.

202 2616 271 2692 381,
284 2635 316 2694 p.
331 2617 370 2678 69
381 2616 486 2679 Vahl.:

436 2762 776 2833 LQQssxs

242 2966 362 3053 Probus
376 2992 470 3055 Cath.
484 3012 516 3072 p.
531 2994 561 3070 9,
577 2994 613 3054 12
626 2993 669 3054 K.

203 3089 263 3153 Sed
277 3091 428 3170 quoniam
441 3092 542 3154 multa
557 3091 675 3154 Graeca
690 3091 740 3154 vel
752 3091 886 3154 barbara
898 3091 1027 3153 nomina
1040 3089 1235 3169 reperiuntur
1248 3088 1367 3168 generis
1380 3106 1500 3150 mascu-

202 3188 258 3253 lini
271 3190 322 3252 vel
334 3190 476 3253 feminini
490 3190 576 3267 (narn
586 3192 700 3254 Latina
710 3192 847 3271 exceptis
856 3211 950 3272 supra
960 3190 1071 3271 positis
1080 3198 1114 3251 et
1125 3208 1187 3251 uno
1197 3188 1296 3250 altero
1305 3188 1441 3267 proprio,
1452 3188 1501 3250 ln‘c

201 3290 311 3351 Idmon
329 3292 477 3369 Idmonis,
497 3313 514 3354 o
532 3301 567 3354 et
585 3291 618 3354 in
636 3292 831 3353 nominativo
850 3301 884 3354 et
902 3291 934 3353 in
954 3290 1098 3371 genetivo
1118 3297 1270 3367 correpta,
1290 3286 1352 3349 alia
1370 3306 1434 3348 non
1453 3287 1500 3349 in-

201 3388 395 3468 veniuntur),
420 3391 649 3454 observandum
671 3400 720 3453 est
743 3402 780 3452 ut
803 3402 880 3453 tunc
900 3390 1109 3472 produoemus
1131 3388 1253 3464 Latine,
1275 3389 1301 3449 si
1323 3386 1409 3467 apud
1432 3386 1500 3449 illos

201 3489 426 3569 producuntur,
449 3500 487 3553 ut
506 3492 606 3554 Sinon
625 3491 763 3567 Sinonia
783 3491 921 3554 Rnbicon
940 3489 1114 3565 Rubiconis,
1137 3499 1213 3550 tunc
1241 3486 1451 3567 corripiamus,
1473 3487 1500 3549 si

201 3588 288 3668 apud
302 3590 370 3652 illos
385 3591 603 3670 corripiuntur,
618 3600 656 3653 ut
668 3589 708 3651 M
709 3598 816 3654 &ennon
829 3590 868 3651 M
869 3591 1014 3666 maronis,
1028 3590 1077 3651 hir
1090 3598 1124 3651 et
1144 3588 1214 3650 hoec
1233 3587 1337 3650 Saxon
1356 3586 1498 3663 Saxonis,

202 3688 251 3750 ln'c
264 3690 356 3751 Titan
365 3691 445 3767 Pon,
460 3691 581 3754 Titano
591 3691 690 3754 Panis
700 3689 751 3751 vel
763 3690 890 3752 Titanos
900 3691 1015 3766 Panos,
1027 3697 1064 3750 ut
1074 3687 1227 3767 Vergilius
1239 3686 1351 3749 ‘Panos
1362 3686 1401 3748 de
1413 3706 1498 3748 more

202 3788 327 3867 Lycaei'
347 3790 412 3851 sine
430 3790 560 3852 alicuius
578 3789 794 3853 declinationis
812 3790 946 3852 ratione:
964 3788 1050 3851 nulla
1067 3787 1152 3849 enim
1171 3785 1336 3848 declinatio
1354 3786 1499 3866 genetivo

202 3907 257 3950 nos
285 3888 406 3968 syllaba
435 3891 629 3952 terminatur.
671 3890 833 3970 Excipitur
860 3909 958 3952 unum
985 3888 1025 3950 tis
1045 3887 1162 3949 faciens
1184 3887 1339 3967 genetivo,
1361 3887 1499 3948 Laocoon

201 3989 389 4052 Laocoonta

242 4089 363 4151 Probus
376 4089 470 4151 Cath.
484 4109 516 4170 p.
534 4092 580 4166 12,
597 4091 634 4151 14
646 4090 686 4150 Κ.

201 4187 316 4250 Omnia
336 4197 443 4253 tamen
460 4189 588 4251 nomina
607 4210 641 4251 or
659 4187 780 4268 syllaba
797 4207 877 4269 pura
897 4187 1065 4250 terminata
1084 4195 1118 4248 et
1136 4204 1208 4247 cum
1226 4185 1288 4246 alia
1308 4192 1498 4246 consonante

201 4289 381 4369 praeposita
395 4298 429 4352 et
445 4289 552 4351 iuncta
567 4289 600 4351 in
614 4288 811 4351 nominativo
827 4287 954 4368 quidem
969 4286 1187 4366 corripiuntur,
1203 4285 1236 4347 in
1251 4283 1396 4362 genetivo
1412 4302 1496 4359 vero,

202 4387 363 4451 siluerint
381 4388 582 4469 appellativa,
600 4389 815 4469 producuntur
834 4392 931 4451 oram
949 4385 1084 4461 aratro,
1102 4389 1272 4465 praeceptor
1290 4383 1497 4463 proneptem,

200 4489 338 4569 exceptis
365 4498 526 4568 quattuor,
554 4507 634 4568 quae
662 4488 807 4568 quamvis
833 4487 897 4550 sint
923 4485 1125 4566 appellativa,
1148 4492 1254 4546 tamen
1277 4482 1498 4561 corripiuntur:

201 4588 288 4652 orbor
304 4588 428 4665 dhorn,
445 4594 575 4651 marmor
590 4587 758 4664 marmoris,
776 4592 884 4669 aanor
900 4585 1045 4668 anonis,
1063 4584 1112 4647 ln'c
1127 4594 1161 4646 et
1177 4583 1248 4646 haec
1264 4592 1298 4645 et
1314 4582 1368 4645 hoc
1388 4587 1499 4644 mernor

201 4688 349 4751 animeris.
388 4689 479 4750 Actor
496 4687 522 4750 si
538 4687 766 4767 appellativum
778 4685 873 4749 fuerit
885 4685 1012 4748 veniens
1028 4683 1071 4747 ab
1087 4683 1219 4763 agendo,
1236 4704 1254 4745 o
1269 4681 1452 4762 producitur
1464 4680 1497 4743 in

200 4788 346 4868 genetivo
362 4788 483 4862 actoris
497 4787 525 4849 si
539 4786 581 4849 sit
596 4786 729 4849 hominis
743 4803 859 4849 nomen
872 4785 1043 4865 proprium,
1059 4782 1235 4862 corripitur,
1250 4782 1331 4845 sicut
1345 4780 1497 4861 Vergilius

202 4887 335 4950 ‘Actoris
350 4887 489 4949 Aurunci
503 4886 658 4967 spolium!
698 4885 812 4949 Omnia
826 4884 910 4947 enim
924 4884 1051 4965 propria
1066 4904 1100 4945 or
1115 4881 1236 4962 syllaba
1250 4880 1341 4943 finita
1357 4881 1389 4943 in
1405 4900 1496 4961 gene·
