3942 6130
495 776 536 836 40
956 774 1063 853 Jnrrns
1084 773 1115 834 S.
1137 772 1336 835 Mchromr

497 975 644 1050 retinens,
663 982 700 1036 ut
720 974 865 1053 ereptae,
883 972 1013 1053 virginis
1030 972 1087 1034 ira’
1105 980 1145 1034 et·
1158 972 1323 1051 ‘viridique
1341 971 1375 1032 in
1393 970 1484 1033 litore
1503 969 1705 1050 conspicitur,
1725 969 1800 1032 sus!

497 1074 716 1154 Apostrophus
732 1081 781 1135 est
798 1082 875 1134 nota
892 1071 1034 1135 similiter
1050 1071 1137 1135 facta
1156 1081 1191 1134 ut
1208 1071 1351 1146 diastole,
1369 1072 1424 1133 sed
1441 1071 1483 1133 ad
1501 1089 1657 1132 summam
1674 1080 1800 1150 partem

498 1174 622 1237 litterae
634 1174 749 1254 posita,
763 1172 880 1234 scilicet
894 1173 1105 1247 consonantis,
1119 1191 1201 1251 quae
1214 1172 1305 1251 quasi
1318 1172 1378 1234 sub
1391 1170 1493 1233 vocali
1506 1179 1596 1232 motu
1610 1168 1717 1232 velata
1731 1189 1799 1231 sus·

497 1274 655 1354 penditur.
697 1273 780 1337 Scire
801 1272 898 1335 etiam
920 1272 1071 1334 debemus
1094 1272 1284 1335 Graecorum
1305 1277 1426 1335 δασεῖαν
1441 1281 1474 1333 et
1497 1274 1588 1347 ψιλήν
1613 1272 1668 1337 l··l
1689 1279 1800 1332 notam

497 1373 719 1453 adspirationis
731 1373 826 1435 modo
836 1372 973 1452 positam
986 1372 1081 1434 modo
1094 1370 1251 1434 sublatam
1265 1369 1420 1433 simulare.

540 1470 682 1553 [Sergius]
697 1474 737 1535 de
750 1492 815 1535 acc.
828 1492 860 1551 p.
876 1473 944 1549 524,
961 1473 998 1533 19
1012 1474 1053 1534 K.

498 1573 767 1653 Accentus,quem
779 1573 891 1636 Graeci
900 1577 1068 1651 προσῳδίαν
1077 1569 1326 1651 appellaverunt,
1334 1570 1447 1649 triplex
1456 1580 1514 1632 est.
1556 1571 1621 1630 Aut
1631 1568 1716 1630 enim
1726 1587 1801 1631 acu-

499 1682 552 1736 tus
567 1683 617 1737 est
633 1683 690 1736 aut
707 1672 811 1754 gravis
826 1682 885 1735 aut
900 1672 1031 1734 inflexus
1047 1671 1081 1732 in
1098 1671 1244 1733 omnibus
1260 1671 1405 1750 partibus
1422 1670 1584 1732 orationis.
1625 1670 1802 1747 Quaecum-

499 1794 560 1853 que
573 1774 658 1836 enim
672 1772 888 1853 monosyllaba
901 1771 1030 1847 fuerint,
1044 1772 1104 1833 hoc
1118 1780 1167 1833 est
1182 1771 1275 1833 unius
1289 1769 1438 1850 syllabae,
1454 1771 1481 1831 si
1495 1769 1603 1831 brevia
1618 1778 1694 1831 sunt
1707 1768 1759 1831 vel
1774 1768 1802 1829 si

497 1872 654 1953 positione
670 1872 762 1953 longa
777 1872 905 1948 fuerint,
921 1881 1051 1934 acutum
1066 1871 1231 1933 habebunt
1246 1878 1423 1945 accentum,
1434 1880 1471 1931 ut
1487 1877 1550 1932 nox
1559 1876 1615 1948 pix
1629 1875 1707 1943 nrtx;
1719 1887 1800 1948 quae

499 1994 573 2036 vero
592 1983 706 2035 natura
726 1973 818 2052 longa
837 1972 965 2047 tuerint,
984 1982 1116 2034 accentu
1137 1970 1332 2033 circumflexo
1351 1969 1654 2049 pronuntiabuntur,
1674 1978 1712 2030 ut
1731 1972 1801 2046 spes

498 2077 545 2137 ris
559 2076 623 2135 mds
631 2074 692 2152 fids
706 2074 760 2135 dds
773 2076 835 2133 rds:
849 2092 977 2152 gravem
991 2072 1074 2133 enim
1090 2090 1203 2132 sonum
1217 2090 1281 2131 non
1295 2069 1459 2149 recipiunt.
1501 2068 1665 2148 Disyllaba
1684 2068 1800 2130 Latina

498 2174 634 2253 priorem
658 2172 812 2253 syllabam
835 2181 893 2234 aut
915 2181 1042 2233 acutam
1066 2170 1184 2232 habent
1208 2179 1266 2232 aut
1287 2170 1444 2244 inflexam,
1468 2187 1488 2230 a
1511 2169 1600 2249 gravi
1624 2186 1797 2246 numquam

498 2273 662 2353 incipiunt.
703 2274 843 2351 Quorum
859 2271 886 2333 si
900 2270 985 2351 prior
1000 2278 1114 2333 natura
1130 2269 1222 2348 longa
1238 2270 1298 2332 erit
1312 2269 1484 2349 posteriore
1500 2278 1654 2348 correpta,
1670 2267 1801 2330 habebit
1880 2296 1886 2305 ·

499 2374 532 2435 in
552 2394 585 2435 se
605 2373 836 2434 circumflexum
856 2380 1033 2445 accentum,
1052 2380 1089 2431 ut
1109 2372 1205 2432 Romo
1225 2371 1335 2442 rheteum·
1354 2370 1382 2431 si
1400 2368 1555 2448 posterior
1575 2368 1731 2448 producta
1753 2368 1796 2428 sit

498 2483 533 2536 et
552 2473 637 2552 prior
658 2492 713 2534 seu
733 2471 826 2550 longa
846 2490 901 2533 seu
922 2470 1025 2532 brevis
1045 2469 1151 2543 tuerit,
1172 2479 1305 2531 acuatur
1325 2488 1449 2531 necesse
1470 2478 1528 2543 est,
1552 2477 1587 2530 ut
1608 2468 1683 2547 leges
1703 2467 1799 2529 solus.

500 2572 606 2635 Etiam
626 2572 652 2634 si
671 2572 783 2634 ambae
795 2572 906 2633 breves
918 2570 992 2645 sint,
1006 2581 1135 2632 acuetur
1148 2569 1243 2649 prior,
1257 2578 1294 2630 ut
1306 2570 1379 2630 dero
1392 2569 1488 2630 horno.
1531 2569 1570 2629 In
1583 2566 1755 2646 trisyllabis
1768 2577 1801 2629 et

499 2671 710 2751 tetrasyllabis
727 2681 760 2734 et
772 2671 919 2750 deinceps
930 2669 1067 2749 plurium
1080 2668 1270 2748 syllabarum
1284 2667 1464 2731 nominibus
1481 2668 1617 2729 secunda
1630 2668 1673 2728 ab
1686 2666 1801 2729 ultima

499 2773 526 2835 si
538 2773 642 2834 brevis
652 2771 758 2846 fuerit,
771 2770 898 2833 tertiam
909 2771 951 2832 ab
963 2769 1075 2831 ultima
1087 2777 1189 2844 acuet,
1202 2778 1239 2830 ut
1251 2768 1387 2830 Rutilius
1400 2770 1431 2830 H
1432 2769 1592 2843 artensium
1605 2767 1631 2828 si
1642 2766 1802 2845 positione

499 2872 601 2952 longa,
619 2871 687 2951 ipsa
705 2880 834 2933 acuetur
852 2880 884 2933 et
902 2869 1139 2949 praecedentem
1157 2887 1284 2947 gravem
1298 2868 1385 2942 lacit,
1406 2879 1443 2930 ut
1452 2867 1593 2930 calatus
1603 2869 1642 2928 M
1642 2867 1757 2939 atellam·
1775 2865 1804 2927 si

499 2980 613 3034 natura
636 2971 728 3051 longa
750 2971 846 3033 luerit
868 2979 901 3032 et
925 2968 1036 3031 ultima
1060 2968 1173 3046 brevis,
1197 2967 1333 3029 secunda
1356 2968 1397 3029 ab
1421 2966 1532 3029 ultima
1555 2967 1737 3040 inflectitur,
1761 2976 1800 3027 ut

499 3072 839 3154 Murrdnusssetlrtgus
862 3071 1032 3140 Romanum
1056 3069 1083 3129 si
1105 3077 1213 3129 autem
1238 3066 1330 3147 longa
1355 3067 1414 3129 erit
1438 3067 1562 3143 ultima,
1587 3065 1802 3145 paenultimae

499 3183 628 3235 acutum
643 3171 789 3234 dabimus
805 3177 980 3243 accentum,
995 3177 1033 3229 ut
1046 3168 1181 3229 Athenae
1194 3167 1336 3229 Fidenae.
1402 3179 1406 3187 ’

541 3269 684 3351 [Sergius]
698 3272 738 3333 de
751 3290 816 3333 acc.
831 3289 862 3349 p.
878 3269 946 3341 525,
961 3270 980 3329 8
994 3270 1036 3330 K.

499 3372 620 3435 Graeca
638 3371 766 3433 nomina
784 3370 811 3432 si
828 3370 927 3431 isdem
946 3367 1058 3431 litteris
1075 3368 1286 3446 proferuntur,
1306 3366 1443 3429 Graecos
1460 3374 1609 3428 accentus
1626 3364 1801 3427 habebunt.

501 3474 585 3535 Nam
600 3481 633 3533 et
648 3491 720 3532 cum
735 3470 868 3532 dicimus
884 3469 985 3546 Thydr
999 3469 1090 3541 Nais,
1106 3476 1235 3530 acutum
1250 3466 1380 3529 babebit
1393 3464 1549 3545 posterior
1569 3475 1746 3540 accentum,
1769 3473 1803 3526 et

500 3593 572 3634 cum
599 3571 749 3633 Themista
772 3569 908 3644 Collistd,
933 3568 1046 3629 ultima
1071 3567 1338 3643 circumflectitur;
1363 3565 1448 3645 quod
1473 3573 1643 3643 utrumque
1667 3564 1805 3626 Latinus

500 3691 603 3735 sermo
613 3690 678 3732 non
687 3670 817 3749 patitur,
828 3668 887 3730 nisi
897 3687 976 3743 raro,
985 3677 1020 3729 ut
1031 3666 1097 3729 sola
1107 3668 1243 3728 occurrit
1254 3665 1433 3728 coniunctio
1444 3650 1521 3744 erio,
1529 3665 1562 3726 in
1574 3684 1636 3743 qua
1647 3664 1804 3742 posterior

500 3771 697 3834 circumflexa
708 3768 879 3843 invenitur;
891 3767 968 3830 item
979 3766 1164 3829 adverbium
1175 3777 1263 3846 pone,
1275 3786 1315 3828 ne
1326 3766 1368 3827 sit
1379 3765 1521 3828 verbum.

543 3867 685 3950 [Sergius]
700 3870 739 3931 de
752 3888 817 3931 acc.
831 3889 863 3948 p.
878 3869 946 3941 525,
964 3868 999 3928 18
1014 3868 1058 3928 Κ;
1072 3886 1123 3928 see
1136 3867 1245 3928 Varro.

462 4022 465 4028 .
542 3968 688 4050 [Sergius]
703 3970 743 4031 de
756 3988 821 4031 acc.
835 3988 867 4048 p.
882 3968 950 4043 526,
964 3968 985 4028 4
999 3968 1041 4028 K.

502 4071 594 4148 Quod
614 4071 655 4132 ad
675 4068 806 4130 Latinos
825 4075 973 4130 accentus
991 4066 1119 4140 attinet,
1139 4064 1206 4127 sive
1226 4064 1360 4128 stativos
1379 4084 1434 4126 seu
1454 4062 1704 4137 commutabiles,
1724 4061 1803 4123 satis

502 4171 632 4232 dictum.
674 4170 768 4231 Nunc
779 4177 815 4229 ut
825 4167 1010 4229 divisionem
1021 4164 1258 4244 tripertivimus‚
1270 4174 1410 4244 superest
1420 4163 1594 4238 ostendere,
1606 4182 1698 4241 quem
1710 4181 1803 4223 usum

502 4269 666 4350 prosodiae
676 4268 758 4330 circa
769 4267 889 4330 Graeca
900 4265 1027 4327 nomina
1037 4265 1153 4327 habere
1163 4264 1341 4325 debeamus.
1383 4264 1422 4324 In
1433 4282 1496 4342 qua
1506 4283 1539 4324 re
1550 4261 1803 4342 cumplurimum

503 4378 633 4444 erretur,
649 4368 702 4430 via
719 4376 825 4430 tamen
841 4375 890 4428 est
906 4365 1074 4427 amovendi
1090 4363 1201 4426 erroris
1216 4362 1411 4437 brevissima,
1435 4362 1496 4424 nisi
1511 4360 1593 4424 forte
1610 4360 1680 4440 quis
1695 4381 1733 4423 eo
1749 4360 1804 4422 de-

504 4490 622 4532 mersus
635 4467 810 4547 imperitiae
823 4476 882 4540 est,
897 4475 933 4527 ut
947 4465 980 4526 in
995 4464 1115 4527 Graeca
1129 4474 1299 4542 nostraque
1313 4462 1418 4541 lingua
1428 4462 1501 4524 'toni
1515 4460 1609 4523 simul
1622 4470 1655 4523 et
1668 4460 1805 4523 clinatus

503 4569 670 4632 discrimen
702 4567 833 4646 ignoret.
874 4567 959 4637 Nam
994 4584 1065 4626 cum
1092 4562 1202 4643 primis
1229 4563 1262 4624 id
1289 4562 1437 4624 convenit
1463 4561 1624 4640 dispicere,
1653 4561 1803 4623 Latinum

504 4688 624 4731 merum
638 4668 679 4730 sit
692 4687 816 4742 nomen,
829 4685 871 4728 an
884 4684 1005 4726 merum
1019 4664 1183 4739 Graecum,
1196 4681 1239 4724 an
1251 4662 1347 4724 etiam
1357 4662 1439 4725 inter
1449 4670 1616 4740 utramque
1628 4679 1802 4722 commune.

504 4770 644 4847 Quorum
660 4769 699 4830 de
715 4765 843 4847 singulis
858 4785 915 4827 suo
931 4765 1039 4828 ordine
1054 4762 1287 4842 explicabimus.

544 4866 636 4931 Mera
651 4866 766 4929 Latina
781 4864 969 4945 appellanda
985 4873 1058 4925 sunt
1074 4863 1188 4941 quibus
1203 4882 1261 4933 nec
1276 4861 1363 4940 origo
1378 4881 1436 4924 nec
1451 4859 1620 4924 declinatio
1635 4878 1655 4921 a
1672 4858 1805 4920 Graecia
