3942 6130
515 810 556 871 30
975 809 1082 888 Jms
1101 807 1134 870 s.
1156 807 1354 869 Metam

557 1010 705 1070 Donatus
717 1006 750 1069 in
763 1009 834 1070 Ter.
851 1008 932 1069 Eun.
947 1006 1011 1082 ΙΙΙ,
1028 1008 1055 1082 1,
1069 1005 1107 1067 47
1125 1004 1224 1082 (437).

516 1107 592 1170 Scin
609 1109 757 1186 siquando
776 1107 831 1169 ilio
850 1107 1028 1169 mentionem
1047 1105 1224 1182 Phaedriae}
1250 1088 1398 1185 siquando
1417 1116 1450 1168 et
1475 1104 1578 1184 prima
1604 1104 1726 1184 syllaba
1744 1103 1821 1167 acui

516 1217 624 1288 potest
638 1217 672 1269 et
686 1206 803 1302 predia3
819 1217 926 1269 tamen
941 1206 1046 1269 variat
1061 1207 1261 1269 sententiam.

556 1310 704 1370 Donatus
717 1307 758 1369 ad
772 1309 843 1370 Ter.
859 1308 940 1368 Eun.
955 1307 1011 1381 1v,
1026 1307 1055 1382 3,
1072 1308 1106 1368 11
1125 1301 1222 1382 (653).

516 1408 616 1486 Rogas
627 1411 691 1469 nm?
729 1407 899 1469 cummium
911 1426 998 1486 quem
1009 1407 1120 1468 dedisti
1135 1408 1221 1469 mois
1233 1425 1308 1485 qims
1326 1406 1429 1468 wios
1441 1401 1532 1480 dedit}
1550 1406 1618 1466 Aut
1637 1409 1820 1469 ἀντὶπτωσις

516 1517 575 1581 est,
589 1516 626 1569 ut
642 1507 751 1569 Urbem
762 1526 853 1586 prom
864 1514 962 1568 stetero
972 1513 1065 1567 vestro
1078 1514 1130 1582 est,
1141 1516 1198 1569 aut
1210 1526 1297 1585 quem
1309 1491 1381 1567 cnm
1393 1504 1640 1584 interrogatione
1651 1503 1820 1583 pronunti-

516 1607 645 1682 andum,
671 1615 708 1669 ut
731 1606 774 1669 sit
796 1604 1163 1686 qadim-(Eunuchum
1185 1626 1272 1685 quem
1295 1601 1415 1681 dedisti]
1439 1604 1569 1685 quidam
1583 1603 1697 1667 volunt
1727 1624 1816 1683 quem

516 1705 717 1786 distinguere,
738 1705 829 1785 quasi
847 1705 933 1769 dicat
952 1706 1081 1785 quoiam
1102 1707 1157 1768 sed
1176 1704 1321 1768 nesciunt
1339 1704 1400 1767 hac
1418 1704 1518 1784 figura
1537 1702 1673 1767 multum
1694 1712 1820 1766 veteres

516 1825 590 1868 usos
611 1825 691 1882 esse3
713 1805 891 1868 eunuchum
908 1805 992 1868 enim
1015 1806 1057 1868 ad
1074 1806 1184 1867 dedisti
1206 1805 1338 1867 verbum
1360 1804 1496 1882 rettulit;
1520 1823 1605 1867 nunc
1627 1823 1701 1885 ergo
1723 1803 1819 1867 addit

514 1915 643 1986 propter
655 1905 741 1968 aliud
758 1911 868 1984 ἀξίωμα
885 1906 1107 1968 assumendum
1120 1905 1312 1968 extrinsecus
1323 1906 1353 1966 is
1365 1904 1530 1967 umatus.
1571 1905 1604 1966 N
1604 1923 1657 1966 am
1669 1903 1818 1984 quotiens

516 2026 578 2069 uno
599 2005 726 2068 nomine
745 2015 803 2067 aut
822 2005 1007 2085 pronomine
1027 2005 1168 2068 diversae
1188 2003 1407 2068 declinationis
1427 2004 1661 2067 enuntiationes
1674 2022 1816 2082 compre·

516 2105 706 2181 henduntur,
727 2124 851 2167 necesse
869 2115 927 2181 est,
947 2106 1030 2184 quod
1051 2104 1143 2167 alteri
1161 2104 1435 2167 accommodatum
1448 2103 1555 2179 tuerit,
1574 2104 1617 2167 ab
1635 2102 1736 2167 altero
1748 2103 1815 2167 dis

516 2203 665 2285 crepare.)
706 2205 920 2283 Qaerndedisti
928 2225 1004 2285 orcos
1014 2205 1116 2267 turbor
1125 2204 1170 2266 sic
1179 2205 1286 2284 accipe
1295 2204 1385 2284 quasi
1395 2203 1817 2284 dixeritqooiemeumacimm

516 2315 548 2367 et
561 2306 664 2384 quoles
676 2306 789 2367 turios.

555 2407 703 2467 Donatus
716 2406 758 2467 ad
770 2407 841 2468 Ter.
857 2405 935 2466 Hec.
951 2405 978 2480 I,
994 2407 1023 2479 2,
1040 2405 1077 2466 10
1093 2400 1170 2480 (85).

513 2505 574 2566 Dic
599 2506 653 2579 mi,
679 2505 742 2580 ubi,
769 2504 909 2581 Philotis,
936 2512 963 2566 te
989 2504 1295 2567 obtusissimam?
1336 2503 1408 2565 Ph.:
1448 2504 1582 2566 Minime
1608 2503 1743 2583 meridien
1769 2523 1819 2564 me

515 2603 661 2681 oblectari]
677 2625 723 2666 me
739 2604 863 2666 acutius
878 2604 1097 2683 proterendum
1114 2613 1173 2678 est,
1189 2612 1223 2665 et
1237 2604 1407 2682 respondet
1421 2609 1494 2679 πρὸς
1510 2609 1546 2667 τὸ
1559 2611 1597 2665 te.

554 2705 701 2766 Donatus
713 2705 755 2765 ad
768 2705 839 2766 Ter.
854 2705 932 2766 Hec.
947 2703 992 2779 11,
1009 2704 1036 2780 1,
1052 2704 1090 2766 10
1106 2700 1288 2780 (207)=1v,
1303 2705 1332 2779 2,
1347 2705 1365 2765 3
1382 2697 1479 2778 (579).

513 2806 620 2882 Itaque
631 2804 726 2866 modo
738 2804 819 2866 duae
832 2814 939 2884 partes
950 2813 1025 2865 sunt
1037 2802 1200 2866 orationis.

554 2905 701 2965 Donatus
714 2903 765 2965 ad.
779 2906 851 2966 Ter.
866 2904 944 2965 Hec.
959 2903 1022 2979 III,
1038 2903 1066 2980 5,
1081 2904 1122 2966 50
1137 2901 1233 2978 (500).
1587 2976 1590 2981 ,

513 3003 533 3064 I
534 3011 565 3064 to
575 3023 657 3065 nuno
666 3005 695 3065 is
705 3003 766 3066 siti
775 3024 822 3066 me
833 3003 1074 3083 supplicaturum
1085 3000 1181 3082 putot]
1191 3003 1253 3066 sibi
1262 3011 1296 3064 et
1305 3022 1364 3064 mm
1376 3021 1490 3082 magno
1501 3002 1638 3081 pondere
1648 3002 1816 3082 legendum

514 3106 562 3164 est
573 3113 741 3182 utrumque
749 3122 933 3183 pronomen,
944 3112 981 3165 ut
990 3103 1138 3165 comendo
1148 3110 1181 3165 tu
1190 3102 1296 3164 iilum

553 3205 597 3264 At
613 3203 682 3265 first
699 3202 827 3282 reading
843 3202 870 3264 it
886 3221 986 3264 seems
1004 3202 1075 3266 that
1092 3210 1180 3264 stress
1196 3212 1308 3265 accent
1324 3202 1351 3264 is
1367 3202 1543 3282 suggested,
1556 3202 1617 3264 but
1632 3201 1660 3263 it
1676 3201 1704 3263 is
1726 3220 1815 3263 more

513 3302 663 3382 probable
678 3303 751 3365 that
765 3302 826 3365 sibi
840 3302 904 3365 and
919 3322 967 3364 me
980 3322 1035 3365 are
1051 3313 1084 3363 to
1100 3302 1140 3364 be
1155 3303 1229 3365 read
1246 3302 1322 3364 with
1336 3311 1425 3382 great
1441 3301 1556 3381 weight
1571 3322 1613 3363 on
1629 3309 1765 3363 account
1781 3300 1816 3363 oi

515 3402 596 3464 their
607 3402 765 3482 emphasis
776 3403 839 3465 and
851 3410 993 3464 contrast
1005 3401 1048 3481 by
1060 3401 1298 3482 juxtaposition.

553 3504 701 3564 Donatus
713 3503 755 3564 ad
768 3505 839 3566 Ter.
854 3503 932 3564 Hec.
947 3503 986 3577 V,
999 3503 1029 3576 4,
1045 3503 1082 3563 25
1100 3498 1196 3577 (865).

513 3603 572 3663 Dic
589 3604 634 3663 mi
650 3588 758 3664 aarum
775 3621 876 3664 rerum
891 3603 1039 3681 numquid
1055 3602 1134 3664 dixti
1150 3622 1214 3664 meo
1231 3599 1343 3680 patrii]
1385 3602 1417 3662 N
1417 3622 1470 3663 um
1487 3601 1617 3681 aliquid:
1634 3601 1814 3663 acuendum

513 3722 586 3780 ergo
598 3702 681 3781 quid.
1338 3743 1341 3747 -

553 3803 701 3863 Donatus
713 3801 755 3863 ad
768 3803 839 3863 Ter.
855 3801 982 3862 Phorm.
997 3800 1025 3875 Ι,
1041 3802 1069 3876 2,
1084 3801 1124 3862 20
1139 3799 1216 3876 (70).

512 3901 539 3963 0
551 3922 645 3980 regem
656 3922 704 3963 me
715 3920 777 3962 esse
789 3898 930 3980 oportuit]
971 3903 1058 3962 Acue
1069 3906 1124 3962 nrt.

552 4003 700 4063 Donatus
712 4001 754 4063 ad
767 4003 838 4064 Ter.
854 4000 981 4062 Phorm.
1007 4001 1034 4077 Ι,
1050 4002 1079 4075 2,
1094 3999 1130 4063 77
1148 3999 1246 4076 (127).

511 4102 575 4180 Ego
591 4108 618 4162 te
632 4109 790 4180 cognotam
806 4102 905 4163 dicam
921 4108 948 4161 et
963 4100 1018 4161 tibi
1033 4101 1160 4163 scribom
1176 4098 1287 4174 dieoml
1328 4100 1439 4161 Dicam
1456 4118 1551 4178 supra
1573 4099 1717 4173 verbum,
1733 4097 1817 4160 inira

512 4220 626 4262 nomen
637 4211 686 4264 est
697 4201 830 4263 totidem
843 4199 967 4276 litteris,
979 4199 1103 4262 diverso
1114 4210 1256 4262 accentu.

550 4301 698 4363 Donatus
711 4301 753 4363 ad
766 4302 838 4363 Ter.
854 4299 981 4361 Phorm.
996 4299 1041 4375 H,
1056 4300 1086 4374 2,
1101 4300 1137 4361 27
1156 4297 1253 4375 (341).

510 4400 594 4462 Dum
606 4401 662 4462 tibi
667 4401 707 4481 fit
718 4400 796 4481 quod
808 4400 935 4479 placeat:
948 4399 1000 4461 itte
1010 4399 1152 4478 ringitur,
1165 4408 1199 4460 tu
1210 4397 1324 4475 rideas}
1334 4399 1486 4462 Acuenda
1498 4417 1560 4459 vox
1573 4397 1607 4459 in
1619 4417 1657 4460 eo
1670 4397 1755 4476 quod
1768 4397 1816 4459 ait

513 4500 579 4562 roi.
1471 4512 1476 4519 '

552 4599 714 4662 charisius
726 4621 757 4680 p.
772 4601 822 4674 ss,
838 4600 874 4660 23
889 4599 1048 4660 Κρὴς.
1064 4598 1186 4661 charis.
1201 4607 1233 4679 p.
1249 4598 1369 4672 ssr,12
1384 4597 1591 4659 mmm
1603 4617 1635 4677 p.
1649 4596 1720 4673 414,
1735 4558 1812 4658 2'rr.

510 4699 549 4761 Id
574 4719 699 4779 quoque
712 4699 950 4762 observabimus
973 4708 1021 4774 ut,
1046 4698 1193 4778 quotiens
1218 4699 1257 4760 de
1270 4707 1383 4760 neutro
1413 4695 1589 4777 loquamur,
1621 4708 1767 4777 correpta
1797 4716 1815 4757 o

510 4798 617 4863 littera
634 4799 776 4862 dicamus
788 4801 848 4861 dud
866 4780 966 4874 milita
984 4798 1018 4861 in
1035 4808 1169 4861 accentu
1187 4797 1280 4877 longo
1297 4798 1356 4859 duo
1376 4797 1521 4872 bomims,
1538 4797 1635 4860 ambo
1658 4796 1813 4871 homines,

510 4901 623 4964 ambae
637 4900 784 4963 mulieres
797 4898 940 4962 dicimus.
1356 4908 1363 4920 ·
