3942 6130
463 803 537 864 Tan
557 804 744 864 Taanrrrou
764 819 805 864 or
826 820 890 865 nra
911 803 1016 864 Luam
1035 805 1170 865 Accaus
1320 888 1325 899 ’
1428 802 1467 864 69

169 1001 270 1078 plane,
290 999 347 1075 ait,
367 1000 400 1062 in
420 1000 469 1062 bis
489 1001 581 1064 rebus
600 1001 705 1081 aliqua
725 1001 931 1063 discernimus
950 1010 1093 1077 accentu,
1113 1021 1206 1063 sensu
1224 1001 1340 1081 aliqua.
1382 1002 1466 1062 Nam

168 1119 248 1174 ecce,
269 1110 306 1161 ut
323 1100 502 1179 intellegam
520 1102 659 1181 projecto,
679 1102 806 1180 quando
825 1110 874 1164 est
891 1101 1105 1181 participium,
1124 1101 1251 1181 quando
1270 1101 1466 1178 adverbium,

167 1218 260 1261 sensu
276 1199 427 1263 discerno.
469 1203 514 1264 Ut
527 1211 634 1264 autem
647 1201 825 1282 intellegam
836 1212 923 1282 porra,
936 1202 996 1264 hoc
1008 1222 1072 1264 non
1085 1202 1186 1266 solum
1202 1201 1345 1265 disoerrm
1362 1221 1466 1279 sensu,
1539 1266 1548 1284 ,

165 1300 221 1361 sed
234 1300 329 1362 etiam
342 1308 483 1363 accentu.
526 1301 608 1380 Ergo
620 1302 653 1362 in
663 1300 819 1381 plerisque
840 1300 1025 1381 significatio
1042 1301 1103 1364 erit
1112 1322 1150 1365 ex
1160 1311 1303 1377 accentu,
1313 1301 1348 1363 in
1359 1301 1467 1381 pleris-

167 1419 229 1478 que
240 1399 300 1461 erit
310 1420 347 1461 ex
357 1419 459 1463 sensu.
1507 1400 1510 1404 “

208 1500 375 1579 Pompeius
386 1519 418 1579 p.
435 1501 502 1575 255,
518 1501 554 1562 21
570 1501 612 1561 Κ.

165 1600 417 1679 Praepositiones
433 1600 515 1662 enim
534 1600 661 1680 quaudo
677 1601 710 1662 in
727 1600 928 1679 conexionem
946 1600 1088 1678 veniunt,
1105 1621 1169 1663 non
1186 1611 1261 1663 sunt
1278 1602 1369 1681 quasi
1384 1602 1466 1664 duae

164 1711 281 1779 partes,
306 1701 360 1762 sed
383 1701 474 1779 quasi
496 1699 672 1762 membrum
695 1700 793 1781 ipsius
815 1701 916 1781 partis
939 1701 989 1762 cui
1012 1701 1245 1781 coniunguntur
1267 1701 1354 1781 ipsae
1376 1721 1466 1782 prae

164 1800 346 1879 positiones.
388 1801 430 1862 Et
445 1800 529 1863 unde
543 1799 753 1880 intellegimus
768 1801 917 1881 quoniam
933 1820 996 1863 una
1010 1821 1085 1881 pars
1099 1812 1148 1864 est
1163 1802 1331 1865 orationis?
1370 1802 1464 1878 Hinc,

165 1900 251 1979 quod
266 1920 365 1963 unum
380 1910 545 1964 accentum
561 1900 667 1963 habet.
709 1902 741 1964 Si
756 1902 874 1964 diceres
891 1902 940 1964 ‘de
954 1902 1029 1964 inde
1043 1902 1142 1964 venit’
1161 1900 1266 1977 (nemo
1281 1910 1388 1964 autem
1404 1902 1465 1965 hoc

164 1997 268 2075 dicit),
285 2001 312 2062 si
326 2000 443 2063 diceres
460 2001 506 2063 ‘ex
521 2000 594 2063 inde
609 2000 707 2063 venit'
726 2000 831 2077 (nemo
845 2011 953 2064 autem
968 2003 1028 2065 hoc
1043 2001 1130 2077 dicit,
1146 2002 1200 2064 sed
1218 2001 1340 2065 ‘deinde
1354 2001 1465 2078 venit‚’

166 2100 288 2163 ‘exinde
301 2098 426 2175 venit),
441 2101 468 2164 si
481 2100 533 2163 illo
547 2100 642 2162 modo
655 2101 783 2178 diceres,
798 2102 861 2164 duo
875 2102 1056 2166 viderentur
1069 2111 1227 2177 accentus,
1242 2111 1280 2164 ut
1294 2102 1464 2180 separatim

163 2201 283 2263 diceres
294 2202 331 2263 dr
343 2202 423 2263 inde.
464 2203 539 2263 Non
552 2209 660 2262 autem
674 2200 719 2263 sic
731 2211 823 2281 potes
836 2202 948 2276 dicere,
962 2203 1017 2265 sed
1031 2205 1127 2265 unam
1140 2210 1266 2285 partem
1279 2201 1367 2278 iacis,
1380 2202 1464 2265 unde

164 2311 299 2382 apparet
324 2302 473 2381 quoniam
497 2321 579 2363 unus
602 2309 751 2364 accentus
774 2311 831 2365 est.
873 2303 956 2382 Ergo
980 2302 1021 2366 ob
1046 2302 1127 2365 hanc
1151 2320 1289 2377 causam,
1314 2301 1463 2381 quoniam

164 2402 226 2464 sub
236 2422 299 2463 uno
310 2411 443 2464 accentu
454 2401 663 2479 coniungitur,
674 2401 800 2464 videtur
810 2422 874 2464 una
885 2422 958 2482 pars
969 2422 1036 2465 esse
1046 2401 1208 2465 orationis.

206 2502 374 2581 Pompeius
386 2521 417 2581 p.
433 2500 501 2576 279,
516 2501 554 2563 37
569 2502 611 2562 Κ.

163 2602 423 2682 Praepositiones,
449 2602 576 2680 quando
602 2600 686 2663 solae
711 2611 796 2677 sunt,
822 2602 1005 2683 plerumque
1029 2602 1116 2682 ipsae
1141 2611 1310 2676 acuuntur;
1337 2602 1464 2680 quando

163 2713 271 2764 autem
287 2702 465 2777 cohaerent,
480 2700 591 2781 graves
606 2701 698 2778 fiunt,
713 2702 811 2765 etiam
827 2702 853 2763 si
868 2703 987 2765 fuerint
1002 2702 1216 2765 circumflexae
1233 2697 1313 2781 [plus
1322 2710 1372 2763 est
1381 2699 1462 2779 hoel.

163 2803 248 2863 Puta
268 2802 308 2864 dd
327 2811 458 2864 acutum
478 2800 576 2864 habet
596 2810 774 2864 accentum:
795 2801 846 2864 iac
866 2803 977 2881 deligit·
996 2822 1067 2865 ecce
1087 2802 1150 2864 iam
1170 2801 1276 2881 perdit
1295 2811 1463 2865 accentum

163 2910 353 2983 correptum,
370 2911 403 2964 et
419 2901 535 2980 accipit
550 2910 716 2964 accentum
732 2902 933 2981 productum.
950 2911 983 2964 et
999 2901 1051 2964 illa
1067 2921 1195 2982 gravem
1211 2900 1351 2964 habebit.
1393 2902 1464 2964 Hoc

163 3002 261 3064 etiam
281 3001 321 3064 de
339 3000 393 3063 illa
413 3020 494 3081 quae
513 3001 745 3063 circumflexum
764 3000 862 3063 habet
880 3011 1056 3078 accentum,
1076 3006 1150 3081 aar
1167 3001 1327 3081 molada:
1346 3001 1415 3081 ipsa
1434 3006 1463 3064 rt

163 3101 262 3164 habet
287 3111 463 3177 accentum,
490 3109 524 3163 et
549 3100 603 3163 illa
628 3120 756 3182 gravem
783 3101 889 3164 habet.
932 3103 1014 3181 Ergo
1040 3102 1143 3164 omnis
1168 3100 1369 3183 praepositio,
1397 3101 1463 3164 sive

162 3212 292 3264 acutum
303 3200 429 3276 habeat,
439 3201 505 3263 sive
515 3219 578 3262 non
588 3200 705 3264 habeat
713 3209 853 3275 acutum,
863 3201 1168 3278 sedcircumflexum,
1188 3210 1294 3263 tamen
1309 3201 1337 3262 si
1352 3200 1462 3264 cohae-
1518 3228 1522 3234 ·

162 3312 233 3364 reat
255 3311 289 3364 et
311 3300 467 3364 coalescat
489 3301 522 3362 in
545 3319 641 3363 unam
664 3310 798 3380 partem,
821 3300 992 3363 faciteam
1015 3301 1111 3364 alium
1128 3300 1268 3381 accipere
1285 3301 1460 3363 accentum.

163 3401 272 3463 Perdit
289 3409 454 3463 accentum
472 3409 602 3463 acutum
621 3400 671 3463 vel
689 3400 921 3464 circumflexum
939 3410 972 3463 et
990 3401 1106 3482 accipit
1123 3419 1261 3481 gravem,
1279 3400 1312 3462 id
1331 3410 1462 3464 estnon

162 3501 232 3580 ipsa
243 3511 347 3575 sonat,
359 3500 478 3563 sedilla
489 3519 563 3581 pars
574 3500 725 3563 orationis
736 3500 787 3562 cui
797 3500 946 3580 iungitur.

202 3600 370 3680 Pompeius
382 3621 414 3680 p.
430 3601 498 3676 285,
515 3599 550 3662 17
566 3602 608 3661 K.

165 3698 409 3776 (Barbarismus)
432 3700 470 3762 fit
488 3709 596 3763 autem
617 3698 756 3780 quinque
776 3699 878 3774 rebus,
898 3720 954 3779 per
974 3700 1124 3775 litteram,
1144 3719 1200 3780 per
1220 3698 1385 3778 syllabam,
1405 3720 1461 3779 per

163 3810 266 3876 tonos,
284 3821 340 3880 per
359 3811 511 3880 tempora,
530 3819 586 3879 per
604 3800 839 3880 aspirationem:
858 3801 916 3863 has
934 3801 1073 3880 quinque
1090 3819 1141 3862 res
1158 3808 1216 3862 aut
1240 3799 1386 3862 addimus
1404 3810 1461 3863 aut

162 3900 358 3964 detrahimus
374 3910 431 3963 aut
448 3901 643 3962 inmutamus
660 3910 717 3962 aut
735 3910 994 3963 transmutamus.
1034 3899 1189 3962 Addimus
1206 3899 1355 3975 litteram,
1373 3900 1461 3962 addi·

163 4020 233 4062 mus
255 4000 418 4079 syllabam,
440 4000 587 4063 addimus
607 4010 783 4077 accentum,
811 4000 958 4064 addimus
986 4009 1121 4080 tempus,
1145 4000 1291 4062 addimus
1314 3999 1460 4079 aspirati-

161 4120 264 4163 onem.
307 4148 314 4161 .
358 4148 365 4160 .
409 4149 415 4161 .
453 4149 459 4161 .
495 4101 565 4178 Quo
575 4100 669 4162 modo
682 4100 773 4163 addis
784 4103 968 4163 accentum?
1008 4100 1041 4162 Si
1050 4099 1128 4163 velis
1140 4098 1242 4162 dicere
1254 4102 1341 4165 armo
1352 4119 1410 4179 pro
1423 4119 1460 4161 eo

162 4201 247 4280 quod
263 4209 312 4263 est
327 4206 413 4262 arara
429 4195 592 4280 [numquid
607 4218 773 4279 possumus
788 4201 890 4263 dicere
905 4200 1029 4275 cursim,
1046 4198 1195 4279 quoniam
1211 4197 1396 4262 naturaliter
1408 4198 1461 4262 illa

161 4298 386 4381 producitur?]:
409 4299 482 4380 plus
504 4300 625 4379 aliquid
647 4301 689 4362 ab
713 4309 808 4362 acuto
831 4299 928 4362 habet
931 4347 1139 4361 .....
1181 4298 1386 4361 Detrahimus
1409 4317 1460 4360 ac·

161 4408 300 4475 centum,
317 4400 344 4461 si
359 4399 437 4462 velis
453 4400 554 4463 dicere
569 4401 678 4475 Roma
695 4419 772 4460 cunr
784 4401 913 4462 tractim
929 4399 1044 4462 debeas
1059 4399 1174 4462 dicere:
1190 4397 1361 4478 longiorem
1376 4398 1459 4461 enim

160 4500 249 4561 illum
267 4508 432 4563 accentum
451 4500 492 4562 ad
510 4499 637 4562 brevem
656 4499 792 4576 traxisti,
835 4548 842 4561 .
885 4547 891 4560 .
936 4548 942 4561 .
986 4548 992 4560 .
1035 4499 1183 4562 Similiter
1192 4497 1289 4561 etiam
1307 4497 1392 4578 ipsas
1410 4518 1458 4560 res

160 4609 345 4663 conmutare
361 4608 453 4680 potes
469 4608 502 4662 et
519 4609 741 4675 transmutare,
758 4610 849 4680 potes
866 4610 990 4662 mutare
1007 4598 1146 4662 litteram
1163 4597 1316 4677 syllabam
1335 4607 1458 4677 tempus

160 4709 326 4763 accentum
340 4699 564 4780 aspirationem
579 4699 630 4762 vel
644 4710 864 4763 transmutare.
