3942 6130
516 846 555 909 50
975 848 1083 926 Juuns
1103 847 1134 909 S.
1156 846 1354 907 Mchroun

556 1046 682 1110 Servius
695 1047 736 1109 ad
749 1048 827 1109 Aen.
841 1048 898 1121 VI,
914 1046 980 1109 173.

514 1146 662 1210 delardus
673 1155 824 1225 exceptam
837 1147 952 1222 Triton,
964 1147 993 1208 si
1003 1146 1115 1208 credere
1126 1145 1251 1224 dignum
1262 1142 1314 1220 cst]
1328 1145 1435 1207 Trium
1444 1130 1641 1225 paenultima
1651 1152 1818 1206 aoeentum

515 1246 623 1323 habet,
636 1265 711 1308 nam
726 1247 862 1310 Tritonis
874 1246 962 1309 facit.
1004 1246 1037 1308 Si
1050 1245 1133 1307 enim
1144 1243 1258 1307 ultima
1267 1244 1384 1307 habeat
1397 1245 1543 1306 Tritdnus
1553 1244 1641 1320 facit,
1652 1243 1737 1323 quod
1751 1263 1816 1305 non

514 1347 668 1426 procedit:
686 1356 724 1408 ut
739 1346 931 1425 Deenophdn,
948 1345 1174 1424 Dunoplaeau’s.

556 1445 681 1509 Servius
694 1446 736 1510 ad
748 1448 826 1508 Aen.
840 1447 896 1522 VI,
910 1443 978 1508 670.

514 1545 608 1608 Illius
629 1566 695 1625 ergo
721 1543 876 1622 Venimus]
892 1546 1024 1625 Propter
1052 1544 1139 1607 illum
1163 1540 1225 1618 [vel
1251 1562 1346 1607 causa
1368 1542 1470 1620 illiusl.
1512 1545 1591 1623 Ergo
1612 1553 1721 1606 autem
1742 1562 1817 1605 oon·

515 1644 634 1707 iunctio
648 1645 719 1722 fuit,
735 1645 789 1708 sed
802 1666 858 1726 per
871 1654 1019 1708 accentus
1031 1644 1239 1706 mutationem
1254 1644 1286 1706 in
1300 1642 1485 1706 adverbium
1499 1643 1626 1705 transit:
1641 1653 1674 1706 et
1687 1652 1736 1705 est
1749 1641 1818 1705 sola

514 1743 680 1826 particula,
703 1744 784 1824 quae
804 1745 902 1808 habet
922 1746 955 1806 in
976 1744 1038 1806 fine
1059 1743 1298 1807 circumflexum.
1340 1741 1439 1806 Multi
1460 1742 1542 1805 male
1562 1752 1680 1823 putant
1700 1762 1817 1805 nomen

515 1863 582 1907 esse
593 1843 809 1908 indeclinabile
822 1854 854 1907 et
866 1845 977 1908 dicunt
987 1843 1125 1926 positum
1138 1863 1205 1906 esse
1216 1864 1274 1923 pro
1286 1862 1393 1916 casua·
1403 1863 1497 1906 causa
1509 1853 1615 1906 autem
1628 1863 1744 1906 nomen
1756 1854 1816 1917 est,

515 1944 600 2023 quod
619 1944 748 2025 ponitur
773 1964 831 2025 pro
850 1944 983 2021 ratione;
1012 1944 1066 2022 qui
1093 1962 1183 2006 casus
1208 1943 1416 2006 declinatione
1443 1953 1529 2005 caret
1558 1939 1688 2018 [Graece
1707 1953 1815 2006 autem

515 2047 606 2121 χάριν
617 2043 669 2108 vel
679 2041 780 2120 lumel.

555 2144 735 2209 Serviusad
748 2144 826 2206 Aen.
841 2145 897 2219 VI,
912 2142 979 2205 743.

514 2244 634 2306 Eaieude
654 2253 706 2322 per
726 2244 862 2323 arapham
882 2243 1038 2305 Miltimur
1057 2240 1207 2321 Elysiecml
1227 2230 1347 2304 Exim
1366 2261 1430 2305 una
1449 2261 1523 2323 pars
1543 2243 1695 2304 orationis
1714 2254 1763 2306 est
1783 2253 1816 2305 et

514 2344 548 2405 in
559 2343 757 2406 tertiaafine
767 2352 931 2406 accentum
941 2343 1049 2418 habet,
1061 2341 1133 2405 licet
1143 2341 1336 2422 paenultima
1348 2341 1440 2421 longa
1451 2342 1505 2419 sit;
1517 2343 1602 2422 quod
1613 2342 1685 2405 ideo
1695 2341 1816 2404 iactum

514 2452 573 2519 est,
598 2452 636 2505 ut
660 2443 876 2505 ostenderetur
899 2460 1059 2523 unapars
1083 2461 1149 2504 esse
1173 2441 1333 2517 orationis,
1358 2461 1398 2504 ne
1422 2441 1613 2521 praepositio
1637 2442 1817 2523 iungeretur

515 2541 676 2619 adverbio,
689 2543 774 2621 quod
784 2542 934 2604 vitiosum
946 2558 1012 2605 esse
1023 2561 1086 2603 non
1098 2541 1229 2604 dubium
1240 2551 1298 2605 est.

556 2641 681 2705 Servius
694 2643 735 2704 ad
748 2644 826 2703 Aen.
841 2642 897 2718 VI,
911 2642 979 2703 826.

514 2742 598 2821 Quos
610 2742 727 2823 fulgere
744 2742 840 2803 cernis
858 2743 894 2803 in
912 2739 1016 2818 αηηὶε]
1029 2742 1145 2822 fulgere
1163 2741 1205 2803 ab
1221 2760 1258 2803 eo
1276 2741 1361 2821 quod
1378 2750 1427 2804 est
1432 2742 1520 2821 fulgo
1527 2741 1626 2822 fulgis
1640 2742 1814 2815 [acoentum

514 2839 794 2922 habetinprimal.
1647 2856 1652 2864 ·

555 2940 680 3004 Servius
693 2941 734 3003 ad
747 2941 825 3003 Aen.
841 2941 914 3016 VII,
929 2942 996 3002 231.

515 3042 547 3103 N
549 3060 588 3104 on
597 3041 709 3103 nunus
718 3061 807 3121 regno
816 3038 977 3117 indecores]
986 3043 1086 3102 Decus
1095 3040 1218 3117 decoris
1229 3040 1311 3102 sicut
1321 3047 1411 3119 picus
1421 3041 1547 3119 pecoris,
1558 3046 1663 3102 nemus
1673 3042 1814 3116 nemoris,

514 3140 575 3203 oin
585 3140 731 3221 genetivo
743 3149 921 3220 correptum
931 3149 989 3202 est.
1023 3139 1137 3202 Omnia
1150 3140 1233 3202 enim
1246 3139 1279 3201 in
1289 3160 1326 3203 us
1336 3140 1482 3203 exeuntia
1492 3150 1614 3215 neutra,
1625 3139 1656 3202 in
1669 3141 1815 3219 genetivo

514 3239 664 3321 singulari
687 3239 914 3321 paenultimam
940 3239 1121 3320 corripiunt,
1148 3249 1277 3321 excepto
1303 3240 1436 3320 pelagus,
1463 3240 1548 3319 quod
1575 3239 1729 3303 Graecum
1755 3250 1812 3302 est.

515 3340 606 3403 Unde
629 3349 662 3402 et
684 3339 812 3420 vulgaris
835 3338 949 3401 dicitur
971 3340 1141 3402 secundum
1165 3339 1313 3419 regulam,
1337 3338 1410 3401 licet
1433 3339 1555 3402 dehoc
1578 3340 1706 3402 nomine
1729 3339 1813 3402 aliud

514 3438 698 3502 auctoritati
718 3438 880 3520 placuerit.
921 3439 1015 3500 Decor
1036 3458 1111 3502 vero
1132 3439 1245 3501 decoris
1266 3438 1344 3501 iacit
1365 3438 1591 3519 paenultimam
1613 3439 1647 3501 in
1668 3439 1812 3518 genetivo

514 3539 710 3619 productam.
751 3538 866 3601 Omnia
881 3538 965 3601 enim
979 3538 1013 3600 in
1028 3558 1061 3600 or
1076 3538 1221 3601 exeuntia
1236 3539 1269 3600 in
1284 3538 1429 3618 genetivo
1445 3539 1661 3618 producuntur
1676 3540 1812 3619 exceptis

515 3638 653 3717 quinque
669 3639 764 3714 arbor,
780 3657 920 3713 marmor,
935 3658 1054 3714 memor,
1068 3638 1230 3715 mmmm,
1247 3658 1367 3718 aequor:
1383 3638 1466 3701 unde
1483 3639 1643 3717 quaeritur
1664 3638 1813 3701 indecores

513 3757 534 3800 a
555 3756 617 3816 quo
638 3737 680 3799 sit
699 3737 904 3800 nominativo.
950 3737 1057 3800 Abeo
1078 3738 1163 3817 quod
1183 3748 1231 3800 est
1250 3738 1373 3799 isidam
1393 3757 1455 3801 non
1476 3748 1583 3818 potest
1602 3738 1719 3813 venire,
1741 3738 1814 3818 quia
1948 3786 1949 3815 p

514 3836 630 3900 lectum
640 3856 705 3899 non
713 3846 772 3913 est,
782 3846 815 3900 et
825 3836 899 3917 quia
907 3838 996 3899 decies
1005 3847 1151 3901 neutrum
1161 3837 1241 3917 regit
1250 3857 1357 3916 genus
1367 3857 1432 3900 non
1441 3837 1658 3909 masculinum.
1701 3838 1812 3900 Restat

514 3945 552 3999 ut
568 3937 692 3999 dicatur
709 3936 751 3998 ab
768 3955 805 3998 eo
824 3937 908 4015 quod
925 3946 973 3999 est
990 3936 1109 3999 indecor
1126 3938 1231 4000 venire
1247 3938 1410 3999 saeuas:
1427 3956 1500 3999 nam
1520 3946 1552 3999 et
1575 3936 1692 4000 lectum
1709 3948 1758 4001 est
1781 3948 1814 4000 et

514 4036 721 4099 masculinum
737 4046 796 4099 est.
838 4037 898 4099 Sed
914 4037 998 4098 decor
1013 4037 1126 4099 dardis
1142 4036 1220 4099 iacit
1234 4037 1389 4118 producta
1404 4036 1610 4117 paenultima,
1628 4055 1724 4116 quam
1741 4037 1813 4100 Ver-

514 4134 605 4216 gilius
622 4135 781 4215 corripuit.
824 4136 905 4216 Ergo
923 4145 981 4198 aut
998 4135 1114 4216 systole
1131 4146 1190 4212 est,
1208 4146 1266 4198 aut
1282 4147 1367 4199 certe
1383 4137 1550 4200 dicendum
1568 4136 1661 4199 huius
1678 4136 1815 4199 nominis

514 4235 745 4297 nominativum
763 4255 828 4298 non
845 4235 989 4310 inveniri,
1007 4236 1089 4299 sicut
1106 4236 1141 4297 in
1158 4235 1266 4298 multis
1283 4236 1463 4298 nominibus
1481 4236 1530 4313 fit;
1549 4237 1635 4316 quod
1653 4247 1687 4298 et
1704 4236 1814 4298 melius

514 4344 572 4398 est.
613 4336 698 4397 Nam
712 4335 828 4415 systole
841 4335 908 4397 sine
922 4335 1062 4415 exemplo
1075 4335 1142 4399 fieri
1155 4356 1219 4398 non
1232 4335 1336 4399 debet.

556 4435 681 4497 Servius
694 4435 736 4496 ad
749 4435 826 4497 Aen.
840 4435 932 4512 VIII,
949 4436 995 4497 15.

513 4533 595 4612 Quid
613 4541 709 4596 suunt
726 4533 774 4595 ln‘s
793 4535 912 4614 coeptis,
931 4555 1026 4615 queem
1046 4536 1076 4597 si
1087 4536 1214 4614 sertum
1232 4543 1380 4615 sequntur,
1399 4536 1543 4597 Evmlum
1562 4545 1682 4615 pugnae
1700 4532 1813 4614 cupiat]

515 4633 547 4696 Si
557 4653 628 4696 eum
638 4633 766 4697 fortuna
775 4634 952 4710 comitetur,
963 4654 1056 4714 quem
1066 4634 1161 4697 finem
1172 4653 1246 4696 suae
1255 4634 1332 4697 velit
1342 4634 1579 4711 essevictoriae,
1590 4635 1695 4715 ipsum
1704 4634 1814 4698 melius

513 4750 614 4808 nosse,
639 4733 693 4812 qui
715 4733 779 4795 iam
801 4734 950 4813 antiquus
973 4744 1022 4796 est
1044 4733 1152 4796 hostis.
1195 4731 1288 4813 [Ergo
1310 4739 1395 4814 quem
1418 4744 1511 4796 acute
1533 4734 1813 4815 pronuntiandum,

515 4841 552 4895 ut
564 4832 606 4894 sit
617 4833 693 4895 ordo
705 4853 790 4913 quein
802 4842 933 4895 eventum
944 4843 1064 4914 pugnae
1075 4836 1188 4913 cupiat,
1201 4834 1230 4895 si
1235 4836 1363 4913 fortuna
1374 4831 1535 4914 sequetem}
