3942 6130
448 785 524 845 lira
543 785 730 844 inauratos
750 798 793 844 or
812 798 878 845 ras
898 784 1002 843 Lami
1023 783 1157 843 Accavr
1413 785 1452 844 83

151 986 311 1065 seqmtm·
350 1068 459 1165 Signat
477 1094 591 1147 cuncta
608 1102 705 1146 manu
721 1084 922 1163 loquiturque
940 1083 1104 1162 Polymnia
1122 1093 1221 1163 gestu.

150 1184 233 1263 Quia
248 1185 344 1264 igitur
362 1184 546 1264 ‘Polymnia’
564 1203 629 1246 non
646 1184 735 1246 venit
752 1203 772 1246 a
791 1183 971 1262 ‘polymno',
990 1184 1071 1245 sicut
1090 1184 1229 1247 ‘Urania'
1252 1182 1294 1245 ab
1320 1183 1451 1260 ‘urano',

150 1286 317 1365 corripitur
328 1284 392 1360 rua,
405 1262 590 1364 prisacam
616 1284 687 1346 ista.

191 1385 239 1446 Ex
263 1384 332 1446 eod.
359 1385 451 1447 Bem.
478 1386 530 1446 83:
555 1384 672 1446 Anecd.
699 1382 825 1445 Helvet.
850 1402 883 1464 p.
913 1382 978 1458 176,
1005 1383 1042 1445 35
1069 1384 1111 1444 H.

151 1483 299 1547 ‘Saffirus’
327 1485 474 1547 ‘Sardius'
501 1484 675 1546 ‘Bacchius'
703 1483 836 1563 ‘Epirus'
865 1482 1035 1561 ‘butyrum’
1063 1482 1233 1562 ‘romphea'
1261 1482 1451 1545 ‘anathema'

150 1584 366 1646 ‘Amalecbita'
392 1584 580 1647 naturaliter
605 1582 724 1646 babent
749 1582 977 1663 paenultimam
1002 1581 1139 1662 longam,
1166 1582 1221 1644 sed
1247 1581 1451 1662 antepaenul-

149 1684 228 1746 tima
243 1684 339 1747 habet
353 1695 529 1760 accentum,
545 1684 626 1746 sicut
640 1683 717 1745 illud
732 1682 875 1745 Maronis
887 1701 1046 1761 exponens
1060 1683 1199 1744 Servius:

348 1785 440 1846 India
465 1784 567 1847 mittit
591 1782 679 1859 ebur,
706 1782 814 1845 molles
839 1801 896 1844 sua
921 1793 995 1845 tura
1020 1782 1172 1844 Sabaei-

350 1884 502 1947 Castorea
523 1883 670 1945 Eliadum
689 1883 811 1963 palmas
832 1882 946 1962 Epirus
965 1900 1117 1961 equarum

148 1983 209 2045 ait:
227 1983 361 2063 ‘Epirus'
374 1984 408 2063 pi
425 1984 518 2063 longa
534 1992 593 2058 est,
605 1983 659 2045 sed
676 2003 693 2045 e
711 1982 808 2045 babet
824 1992 999 2044 accentum.
1039 1981 1187 2044 Similiter
1198 1980 1349 2061 ‘abyssus'
1363 1981 1449 2061 ‘bap

151 2083 266 2159 tisma’‚
290 2102 423 2165 quorum
439 2084 634 2163 paenultima
649 2082 803 2161 positione
825 2082 1021 2161 cognoscitur
1043 2101 1109 2144 esse
1130 2082 1234 2161 longa,
1250 2081 1304 2143 sed
1324 2081 1449 2143 aeuitur

149 2183 428 2262 antepaenultima‚
444 2184 519 2263 quia
533 2193 662 2263 propter
674 2183 696 2244 h
708 2181 759 2244 vel
775 2203 797 2261 y
809 2181 951 2244 aufertur
962 2192 1110 2244 accentus
1122 2181 1161 2243 de
1173 2181 1378 2261 paenultima,
1391 2200 1449 2243 nec

150 2283 275 2359 mirum,
287 2301 359 2345 cum
369 2283 454 2363 apud
466 2302 526 2345 nos
535 2301 660 2362 quoque
673 2282 845 2363 ‘locupletis
855 2281 1034 2361 locupletes'
1045 2292 1079 2344 et
1091 2281 1255 2362 ‘locupleto
1266 2280 1448 2360 locupletas'

148 2391 182 2443 et
201 2383 353 2445 ‘assevero
370 2383 539 2445 asseveras’
563 2383 734 2463 ‘persevero
756 2382 945 2462 perseveras'
969 2382 1100 2443 ‘eradico
1122 2381 1271 2443 eradicas'
1294 2381 1386 2460 longa
1407 2381 1456 2442 sit

148 2483 334 2544 naturaliter
344 2483 539 2563 paenultima
549 2493 582 2544 et
593 2492 700 2544 tamen
710 2492 838 2562 propter
849 2482 1007 2543 eutoniam
1018 2491 1183 2544 accentum
1193 2481 1290 2543 habet
1300 2484 1449 2560 antepas-

149 2581 284 2643 nultima
296 2593 330 2644 et
342 2602 360 2644 e
373 2582 529 2644 contrario
544 2581 706 2644 ‘calefacis'
723 2581 904 2643 ‘iervelacis'
920 2581 1069 2645 ‘arelacis'
1089 2580 1258 2660 ‘tepefacis’
1278 2579 1446 2642 ‘labefacis'

150 2681 511 2745 ‘madefacis’accentum
521 2681 618 2744 habet
628 2682 912 2761 paenultims‚licet
922 2682 964 2744 sit
975 2680 1088 2756 brevis,
1098 2692 1133 2743 et
1143 2701 1249 2744 rursus
1257 2680 1447 2760 ‘aliquando'

149 2782 335 2860 ‘nequando’
355 2781 529 2861 ‘siquando’
547 2764 712 2844 accentum
729 2791 815 2844 tenet
833 2781 1112 2860 antepaenultima‚
1131 2782 1203 2843 licet
1215 2780 1309 2860 longa
1322 2780 1363 2843 sit
1373 2799 1447 2859 pae-

149 2881 293 2944 nultima.
335 2882 391 2944 See
407 2882 558 2944 Alcuinus
576 2901 608 2960 p.
630 2883 708 2944 2123
728 2883 763 2944 P.

188 2981 236 3042 Ex
257 2981 325 3043 cod.
349 2981 441 3043 Bem‘.
464 2983 516 3043 83:
537 2981 654 3043 Anecd.
677 2982 802 3044 Helvet.
825 3001 857 3061 p.
884 2983 949 3056 182,
975 2982 1011 3042 18
1032 2982 1073 3043 H.
1194 2985 1198 2995 '

149 3081 236 3143 Sicut
250 3080 292 3143 ab
307 3081 329 3142 h
344 3091 377 3143 et
392 3101 414 3160 y
428 3081 551 3157 litteris,
567 3082 612 3143 ita
627 3081 829 3143 nihilominus
843 3091 875 3142 et
890 3099 910 3141 a
926 3081 976 3142 chi
991 3091 1065 3142 eta
1087 3081 1117 3159 gi
1139 3080 1267 3158 syllabis
1288 3081 1448 3141 auferetur

148 3190 297 3243 accentus
313 3181 345 3241 in
362 3180 507 3243 omnibus
524 3181 661 3257 Graecis,
679 3192 716 3243 ut
734 3181 891 3243 ‘Helenus'
911 3181 1051 3242 ‘Helena’
1070 3180 1258 3242 ‘anathem'
1277 3179 1447 3259 ‘romphea'

149 3279 321 3359 ‘butyrum'
353 3280 537 3360 ‘sapphirus’
570 3280 785 3343 ‘Amaleehita'
817 3280 1031 3359 ‘Ariopagita’,
1063 3280 1144 3341 unde
1174 3290 1207 3342 et
1237 3279 1290 3341 illa
1319 3280 1447 3341 nomina

147 3380 272 3456 Latina,
293 3399 372 3459 quae
393 3391 506 3443 sunta
527 3381 654 3443 Graecis
672 3380 852 3443 nominibus
870 3380 1017 3462 dirivata,
1038 3380 1248 3459 corripiuntur
1267 3379 1299 3441 in
1319 3379 1447 3462 paenul-

148 3480 227 3541 tima
252 3491 388 3559 suntque
412 3499 507 3560 penes
530 3500 589 3543 nos
612 3480 799 3543 naturaliter
823 3491 964 3559 correpta
991 3480 1133 3559 ‘faginus'
1160 3479 1349 3558 ‘oleaginus’,
1375 3498 1446 3540 curn

146 3579 361 3658 producantur
381 3599 399 3642 e
421 3581 576 3643 contrario
597 3580 794 3643 dirivationis
814 3578 952 3641 eiusdem
981 3590 1083 3642 cetera
1110 3579 1295 3658 possessiva,
1323 3590 1361 3641 ut
1390 3579 1448 3641 ‘ce-

86 3727 88 3731 .
146 3678 264 3741 drinus’
293 3680 518 3759 ‘cypressinus’.
748 3679 750 3683 ’

188 3780 235 3840 Ex
256 3779 324 3841 cod.
347 3780 439 3841 Bern.
462 3781 513 3841 83:
534 3780 651 3841 Anecd.
673 3779 799 3842 Helvet.
820 3800 853 3859 p.
878 3780 944 3854 183,
965 3780 986 3840 4
1005 3779 1047 3840 H.

148 3878 370 3959 ‘Sarcolagum’
392 3879 571 3958 frequenter
591 3880 624 3940 in
645 3879 914 3958 antepaenultima
935 3878 1065 3957 quidam
1085 3889 1232 3954 aecuunt,
1250 3878 1305 3940 sed
1318 3879 1446 3940 suavius

146 3990 195 4041 est
218 3980 446 4059 paenultimam
469 3980 549 4041 aeui.
592 3980 740 4042 Ceterum
764 3998 1018 4057 unumquemque
1042 3979 1166 4041 aurium
1189 3978 1297 4057 potius
1320 3987 1445 4057 oportet

146 4078 314 4141 mulcedini
334 4080 481 4142 inservire
503 4079 674 4142 secundum
694 4079 781 4155 illud,
804 4079 889 4157 quod
917 4079 1025 4141 Cicero
1052 4078 1174 4140 Tullius
1200 4077 1356 4158 perhibet:
1380 4078 1446 4139 ‘im-

145 4189 291 4257 peratum
311 4188 360 4241 est
379 4198 399 4240 a
420 4179 550 4255 ratione,
572 4188 609 4240 ut
628 4197 756 4258 peccare
777 4177 945 4241 suavitatis
964 4196 1059 4241 eausa
1079 4178 1205 4241 liceret’.

188 4279 234 4338 Ex
257 4278 325 4340 cod.
352 4280 442 4340 Bern.
468 4280 519 4340 83:
539 4279 657 4340 Anecd.
682 4278 808 4340 Helvet.
831 4298 863 4358 p.
892 4280 957 4354 184,
983 4279 1019 4339 27
1044 4279 1086 4339 Η.

146 4378 237 4440 Duas
257 4378 354 4439 etiam
376 4388 483 4457 partes
505 4378 575 4440 vide
597 4378 752 4457 deinoeps,
768 4397 809 4440 ne
830 4378 889 4441 sub
911 4396 974 4440 uno
995 4387 1128 4439 accentu
1148 4378 1341 4457 pronunties,
1364 4376 1444 4438 idest

148 4478 268 4539 ‘verum
291 4478 419 4555 tamen’,
444 4478 527 4556 quod
549 4478 627 4540 nihil
649 4488 698 4540 est
719 4478 816 4553 aliud,
839 4497 935 4557 quam
960 4478 1018 4540 ‘set
1040 4478 1171 4553 tamen'3
1195 4476 1237 4539 ‘et
1260 4477 1377 4539 tamen'
1402 4477 1444 4538 ‘et

146 4577 295 4655 quidem,
321 4579 364 4640 sic
390 4579 509 4640 ‘verum
533 4579 650 4640 tamen'
677 4587 713 4639 ut
737 4578 818 4639 duae
841 4589 948 4657 partes
971 4577 1145 4639 efferendas
1170 4586 1255 4653 sunt,
1279 4576 1338 4638 nisi
1363 4576 1444 4637 forte

144 4696 218 4738 cum
238 4677 301 4738 sint
319 4678 416 4739 etiam
436 4677 516 4739 duae
536 4686 642 4756 partes
663 4677 756 4756 ‘pube
775 4678 877 4739 tenus’
900 4687 930 4738 te
949 4676 1050 4752 fallat,
1071 4676 1125 4739 sed
1145 4695 1183 4738 ne
1204 4677 1323 4738 diutius
1342 4676 1443 4751 fallat,

142 4775 380 4839 adtendendum
401 4786 460 4853 est,
482 4777 567 4857 quod
588 4777 842 4856 praepositiones,
872 4776 997 4855 quando
1026 4775 1205 4838 nominibus
1231 4787 1444 4856 apponuntur,

143 4888 330 4956 gravantur;
350 4896 422 4955 ergo
444 4877 555 4939 ‘tenus'
577 4887 613 4938 ut
633 4887 817 4956 gravaretur
835 4877 1013 4955 praeposita
1035 4876 1224 4955 regulariter,
1244 4875 1445 4938 nihilominus

143 4986 295 5055 gravatur
311 4986 342 5037 et
362 4977 534 5055 supposita.
