3942 6130
510 740 549 801 54
970 740 1077 818 11111111
1098 740 1128 802 S.
1152 740 1349 802 McLarrona

511 949 559 1001 est
574 939 657 1001 inter
673 938 733 1001 hoc
750 948 783 1000 et
800 937 875 1001 illud
894 939 978 1017 quod
995 937 1129 1000 dicimus
1145 945 1182 1000 nt
1192 940 1258 1018 fac,
1275 939 1360 1018 quod
1377 938 1437 1001 hoc
1453 939 1652 1020 imperamus,
1670 941 1809 1020 superius

511 1039 687 1101 suademus.
729 1037 854 1118 Recipit
874 1057 999 1118 quoque
1020 1037 1052 1100 id
1072 1030 1174 1118 ipsum
1194 1047 1326 1101 accentu
1346 1048 1441 1101 acuto
1460 1038 1578 1102 elatum
1599 1039 1808 1115 subiunctiva,

512 1138 657 1216 quotiens
670 1144 819 1212 εἰρωνικῶς
830 1138 1002 1218 accipimus
1013 1158 1071 1218 pro
1082 1138 1216 1217 eoquod
1228 1147 1277 1201 est
1289 1139 1373 1218 apud
1387 1138 1523 1201 Graecos
1539 1143 1617 1203 πάνυ
1634 1153 1680 1214 γε,
1693 1138 1810 1202 scilieet

511 1238 656 1317 quotiens
674 1237 718 1299 rei
734 1237 849 1300 dubiae
866 1247 899 1300 et
916 1237 1007 1317 quasi
1023 1237 1230 1300 condicionali
1247 1248 1386 1319 aptatur,
1403 1248 1441 1300 ut
1458 1239 1542 1318 apud
1561 1238 1743 1301 Ciceronem
1762 1240 1810 1301 ‘ne

511 1350 558 1413 tu,
575 1337 679 1412 Eruci,
696 1347 859 1400 accusator
874 1357 957 1401 esses
972 1336 1141 1412 ridiculus,'
1158 1348 1192 1400 et
1208 1337 1361 1400 Salustius
1378 1338 1427 1399 ‘ni
1443 1336 1487 1401 illi
1503 1339 1660 1420 corruptis⁴
1671 1338 1811 1401 moribus

510 1437 660 1500 victoriae
678 1438 910 1517 temperarent!
950 1437 1102 1514 Quotiens
1119 1457 1194 1500 vero
1211 1437 1255 1500 rei
1272 1446 1402 1517 aptatur
1419 1447 1532 1513 certae,
1550 1438 1659 1501 eodem
1677 1447 1810 1501 accentu

511 1537 630 1600 elatum
656 1536 780 1600 finitiva
804 1536 925 1619 recipit,
939 1547 976 1599 ut
989 1538 1074 1617 apud
1101 1536 1283 1600 Ciceronem
1310 1538 1359 1599 ‘ne
1384 1536 1429 1598 illi
1452 1537 1654 1600 vehementer
1678 1540 1810 1601 errant’:

512 1637 649 1699 affirmat
664 1637 747 1699 enim
763 1656 817 1699 eos
831 1636 1031 1699 vehementer
1046 1655 1157 1699 errare.

551 1736 722 1799 Dositheus
734 1758 765 1817 p.
779 1737 848 1811 424,
864 1738 901 1799 14
913 1738 957 1798 K:
971 1754 1020 1799 see
1033 1739 1181 1799 Donatus
1196 1733 1240 1817 (p.
1254 1738 1323 1813 392,
1337 1738 1355 1798 2
1369 1734 1426 1812 Κ).

550 1836 744 1916 Augustinus
766 1855 795 1898 a.
819 1857 864 1916 gr.
886 1835 1110 1899 XI.=Schoell
1131 1837 1261 1899 XCIXi.

511 1935 728 2000 Barbarismus
736 1956 798 2016 quo
805 1935 928 2017 singula
938 1936 1006 2016 ipsa
1015 1935 1113 1999 verba
1122 1935 1237 1999 Latina
1247 1955 1312 1999 non
1322 1945 1408 2013 sunt;
1419 1935 1528 1998 namsi
1538 1935 1608 2015 quis
1648 1984 1655 1998 .
1699 1984 1706 1998 .
1751 1986 1757 1996 .
1802 1985 1809 1998 .

412 2066 419 2097 ι
510 2036 597 2099 dicat
610 2047 688 2116 pone
701 2045 735 2098 et
748 2036 882 2116 primam
897 2034 1049 2116 syllabam
1065 2035 1212 2116 corripiat
1225 2035 1420 2100 detractione
1435 2036 1585 2116 temporis
1598 2035 1812 2100 barbarismus

460 2146 570 2229 ·,est
590 2145 646 2198 aut
666 2135 796 2198 sidicat
815 2137 909 2198 bonus
927 2144 961 2197 et
978 2135 1112 2215 primam
1131 2133 1284 2216 syllabam
1297 2136 1461 2215 producat,
1472 2135 1647 2200 adiectione
1660 2135 1811 2217 temp'oris

460 2199 625 2298 “vitium
638 2244 687 2297 est
700 2243 757 2296 aut
770 2235 798 2297 si
809 2234 953 2298 enuntiet
965 2255 1073 2298 nomen
1086 2244 1119 2297 et
1132 2234 1250 2298 nullam
1263 2236 1296 2296 in
1310 2254 1347 2297 eo
1360 2245 1455 2298 acuat
1474 2235 1637 2314 syllabam,
1657 2235 1811 2298 acuminis

511 2334 705 2397 detractione
723 2343 843 2415 peceat,
864 2334 891 2396 si
909 2344 1015 2397 autem
1035 2335 1114 2397 duas
1133 2345 1227 2398 acuat
1246 2334 1383 2415 syllabas
1401 2334 1435 2396 in
1453 2354 1518 2397 una
1542 2344 1633 2416 parte
1658 2335 1812 2398 orationis

511 2434 687 2497 adiectione
714 2433 865 2496 acuminis
892 2434 1024 2496 offendit
1050 2434 1195 2497 auditum
1198 2482 1406 2496 .....
1447 2435 1529 2512 Quia
1556 2435 1750 2498 detractione
1777 2445 1810 2498 et

511 2533 695 2609 adiectione,
715 2533 950 2597 conmutatione
967 2545 1000 2596 et
1019 2534 1282 2605 transmutatione
1305 2545 1363 2597 aut
1387 2534 1587 2615 aspirationis
1610 2544 1668 2596 aut
1686 2533 1810 2598 litterae

511 2644 568 2696 aut
581 2632 720 2713 syllabae
732 2643 789 2696 aut
801 2634 987 2697 accentuum
1000 2644 1057 2697 aut
1070 2644 1247 2715 temporum
1260 2634 1297 2696 fit
1309 2633 1531 2697 barbarismus.

552 2734 612 2796 Sed
627 2734 668 2796 ad
684 2743 786 2798 cetera
801 2733 933 2796 vitanda
946 2743 1052 2814 potest
1068 2752 1281 2813 quaecumque
1297 2732 1391 2797 lectio
1400 2733 1476 2797 boni
1485 2734 1622 2796 auctoris
1632 2733 1809 2811 subvenire;

511 2843 639 2913 propter
649 2842 792 2913 tempora
801 2842 908 2896 autem
919 2842 952 2896 et
962 2842 1109 2896 accentus
1119 2832 1181 2895 alia
1191 2833 1325 2896 eruditio
1335 2843 1368 2897 et
1377 2843 1492 2913 poetae
1500 2833 1635 2897 maxime
1645 2834 1810 2897 necessarii

441 3008 443 3013 Ι
512 2942 594 2996 sunt.
635 2933 743 2994 Aut‘
719 2953 746 2995 s1
762 2932 803 2994 ab
819 2932 869 2994 his
886 2943 1011 3013 tempus
1027 2933 1173 3007 excludit,
1191 2933 1488 2996 animadvertendus
1505 2932 1694 3013 diligenter
1685 2953 1719 2994 m
1736 2953 1809 2996 con-

511 3032 617 3111 loquio
630 3052 732 3095 sermo
745 3032 907 3095 doctorum
921 3043 982 3109 est;
995 3051 1069 3094 nam
1083 3032 1207 3109 iudicio,
1222 3034 1306 3111 quod
1320 3041 1460 3113 tempore
1472 3033 1506 3094 in
1519 3032 1675 3097 locutione
1688 3043 1808 3095 rectum

511 3142 560 3195 est
569 3141 602 3194 et
611 3132 696 3211 quod
704 3132 841 3195 eiusdem
852 3133 1002 3211 temporis
1009 3132 1096 3195 docti
1105 3132 1159 3212 qui
1167 3132 1324 3196 habentur
1332 3132 1382 3194 vel
1391 3131 1526 3196 dixerint
1534 3132 1586 3195 vel
1593 3133 1808 3213 probaverint,

511 3231 543 3293 in
561 3251 683 3293 summa
699 3250 814 3310 magno
831 3240 905 3294 sunt
922 3250 1083 3307 consensu,
1101 3233 1186 3311 quod
1203 3232 1236 3294 in
1252 3232 1377 3313 scriptis
1393 3252 1500 3295 eorum
1518 3232 1709 3312 quibuslibet
1725 3242 1759 3295 et
1774 3232 1809 3295 in

511 3351 653 3393 sermone
666 3350 737 3393 cum
750 3350 825 3394 cura
837 3331 924 3395 edito
936 3330 1082 3394 facillime
1094 3341 1235 3412 apparet.

485 3434 494 3455 “
550 3430 744 3509 Augustinus
757 3451 819 3510 reg.
834 3452 866 3511 p.
881 3432 949 3507 519,
963 3433 999 3494 31
1015 3433 1057 3493 K.

550 3529 715 3592 Adverbiis
736 3531 880 3593 omnibus
901 3530 1090 3611 praepositio
1111 3531 1279 3612 separatim
1302 3530 1384 3593 adici
1404 3551 1469 3593 non
1489 3531 1593 3607 debet,
1616 3549 1806 3610 quamquam

512 3628 628 3691 lectum
641 3629 682 3691 sit
696 3630 803 3693 abhinc
816 3631 901 3710 apud
914 3630 1095 3693 Terentium

487 3708 500 3730 ’
712 3730 837 3792 Interea
850 3729 960 3792 mulier
974 3730 1128 3810 quaedam
1142 3730 1257 3793 abhinc
1272 3729 1450 3805 triennium,

511 3837 543 3890 et
563 3829 648 3908 apud
669 3827 830 3908 Virgilium
853 3829 974 3892 ‘exinde
993 3850 1049 3910 per
1065 3829 1205 3910 amplum
1223 3829 1386 3893 Mittimur
1404 3828 1557 3905 Elisium,’
1577 3839 1609 3892 et
1631 3830 1749 3904 debinc,
1771 3839 1808 3891 ut

513 3927 634 3991 ‘dehinc
656 3928 711 3990 ubi
734 3928 830 3992 libera
849 3928 937 3992 colla’
956 3939 989 3992 et
1009 3929 1130 3993 ‘deinde
1148 3930 1266 3993 feraces
1288 3928 1420 3992 Plantae
1442 3929 1680 3992 immittuntur!
1720 3930 1809 4007 Quae

511 4028 627 4101 omnia,
651 4038 684 4090 et
707 4028 797 4107 siqua
819 4028 882 4091 alia
905 4038 980 4092 sunt
1002 4029 1125 4105 similia,
1155 4039 1192 4091 ut
1216 4029 1351 4107 proinde,
1381 4028 1500 4110 placuit
1530 4039 1640 4092 contra
1670 4028 1807 4109 regulam

511 4139 696 4190 accentuum
708 4128 849 4209 proferri,
860 4150 899 4191 ne
905 4129 1074 4209 separatim
1081 4128 1208 4191 additae
1216 4128 1461 4209 praepositiones
1467 4128 1634 4191 videantur
1640 4128 1806 4192 adverbiis.

550 4227 649 4289 Varro
661 4229 746 4308 apud
757 4229 968 4308 Augustinum
980 4229 1020 4291 de
1031 4228 1116 4290 Dial.
1129 4249 1160 4309 p.
1176 4230 1243 4304 236,
1257 4229 1294 4290 28
1307 4229 1401 4291 G-S.:
1414 4249 1466 4292 see
1476 4229 1586 4306 Varro.

549 4326 742 4407 Augustinus
753 4327 988 4392 dial.=Schoell
997 4329 1192 4390 Latmo.

510 4426 661 4490 Ammine
679 4427 859 4507 ambiguum
877 4437 936 4503 est,
954 4448 1026 4490 cum
1044 4427 1190 4489 scribitur
1207 4438 1293 4507 pone,
1312 4437 1418 4490 utrum
1435 4427 1478 4490 ab
1495 4447 1532 4490 eo
1550 4428 1635 4507 quod
1652 4436 1701 4490 est
1718 4436 1808 4505 porro,

511 4544 553 4587 an
570 4535 608 4588 ut
626 4527 746 4589 dictum
758 4537 835 4607 pone
847 4546 983 4608 sepum·
992 4547 1120 4608 namque
1130 4528 1206 4590 lane
1216 4528 1334 4589 dedum
1342 4528 1527 4606 Proserpina
1540 4530 1639 4607 legem,
1653 4527 1806 4590 incertum

510 4635 559 4688 est
574 4646 629 4706 per
644 4625 818 4706 placentem
834 4627 986 4689 acuminis
1002 4626 1113 4689 locum.

550 4725 597 4786 Ex
608 4734 676 4788 arte
686 4726 858 4789 Clementis
867 4747 931 4789 exc.
943 4748 961 4789 e
971 4727 1039 4788 cod.
1052 4727 1163 4790 Bamb.
1179 4724 1215 4802 (t.
1227 4727 1281 4801 IV,
1293 4724 1390 4806 praei.
1402 4747 1434 4806 p.
1444 4727 1545 4787 XXII
1556 4723 1613 4802 K).

261 4848 275 4879 e
384 4868 391 4881 .
511 4825 632 4887 Probus
641 4846 716 4888 vero
726 4825 1098 4906 opinionecaecanovem
1109 4826 1283 4889 accidentia
1294 4825 1413 4887 nomini
1422 4825 1561 4888 accidere
1571 4825 1658 4902 dicit,
1669 4825 1807 4888 litteram

510 4924 654 4989 videlieet
667 4936 699 4989 et
713 4924 864 5006 syllabam
877 4935 910 4989 et
923 4935 1085 4989 accentum
1100 4926 1181 4988 inter
1193 4925 1366 4988 accidentia
1379 4926 1580 4989 numerando
1616 4958 1620 4967 ⁴
