3942 6130
515 691 553 751 28
975 692 1082 771 Jarras
1103 692 1134 754 S.
1157 692 1355 754 Mchrona

515 889 725 964 nuntiabitur,
739 899 776 951 ut
786 890 926 951 Cdtrtllus
937 891 976 951 M
976 890 1088 965 titilus,
1102 890 1148 952 ita
1160 899 1278 967 tamen,
1290 890 1317 952 si
1328 889 1485 969 positione
1497 890 1590 969 longa
1602 911 1665 952 non
1678 911 1716 953 ex
1727 899 1821 953 muta

516 999 549 1051 et
570 989 689 1069 liquida
709 988 817 1066 luerit;
837 1008 911 1050 nam
932 989 1071 1052 mutabit
1091 1000 1268 1066 accentum,
1288 1000 1326 1052 ut
1345 990 1473 1053 unare
1492 991 1637 1052 tenebrae:
1658 990 1685 1052 si
1704 990 1822 1053 ultima

516 1089 621 1152 brevis
640 1089 746 1165 iuerit,
759 1088 956 1168 paenultima
976 1109 1051 1151 vero
1070 1098 1185 1153 natura
1205 1088 1308 1169 longa,
1329 1089 1525 1170 paenultima
1545 1090 1821 1165 circumflectetur,

516 1199 554 1252 ut
576 1189 722 1267 cethegus
746 1192 883 1267 perisses:
908 1189 935 1250 si
958 1188 1071 1251 ultima
1086 1209 1211 1269 quoque
1234 1199 1349 1252 natura
1373 1189 1466 1269 longa
1491 1190 1596 1267 fuerit,
1620 1190 1821 1269 paenultima

462 1335 469 1351 .
517 1299 659 1365 acuetur,
672 1298 709 1351 ut
721 1289 857 1350 Athtnoe
869 1291 907 1351 M
908 1294 1027 1368 yram.
1042 1320 1048 1331 ·

556 1392 706 1452 Donatus
718 1409 750 1468 p.
766 1388 835 1465 371,
850 1390 887 1449 22
903 1389 1157 1452 K.=Di0medes
1169 1409 1201 1469 p.
1216 1391 1286 1465 433,
1301 1390 1341 1451 30
1355 1391 1396 1450 K.

518 1489 557 1551 In
571 1488 743 1568 conpositis
757 1488 949 1552 dictionibus
963 1508 1044 1551 unus
1057 1498 1207 1575 accentus
1221 1498 1269 1551 est
1283 1509 1347 1551 non
1361 1488 1476 1563 minus,
1492 1508 1587 1569 quam
1603 1489 1636 1551 in
1650 1509 1714 1552 una
1727 1499 1823 1569 parte

517 1588 679 1665 orationis,
692 1598 729 1651 ut
739 1589 912 1655 mdesamo
923 1588 1103 1652 haeredat.
1145 1591 1205 1651 For
1218 1588 1273 1651 the
1284 1599 1394 1651 accent
1406 1589 1440 1651 oi
1451 1589 1631 1665 intercalari,
1644 1609 1695 1652 see
1706 1589 1823 1666 above,

520 1690 618 1752 under
641 1687 792 1752 Helonius
814 1689 927 1750 Acron.

559 1791 707 1851 Donatus
719 1809 751 1868 p.
767 1787 835 1863 371,
851 1790 890 1849 24
904 1789 945 1851 K.

519 1892 675 1952 Accentus
688 1888 721 1950 in
735 1888 864 1967 integris
878 1887 1068 1951 dictionibus
1081 1888 1298 1965 observantur,
1312 1887 1346 1950 in
1359 1888 1627 1951 interiectionibus
1640 1899 1674 1951 et
1687 1888 1720 1951 in
1733 1909 1824 1969 pere-

519 1989 615 2069 grinis
628 1988 732 2050 verbis
745 1999 778 2050 et
797 1988 830 2049 in
850 1987 992 2050 barbaris
1005 1988 1185 2050 nominibus
1198 1987 1275 2049 nulli
1288 1988 1366 2051 certi
1379 1998 1463 2050 sunt.

559 2091 707 2151 Donatus
719 2108 751 2167 p.
768 2088 836 2163 371,
852 2089 889 2150 25
904 2087 1157 2150 K.=Di0medes
1170 2108 1201 2167 p.
1216 2090 1286 2163 433,
1300 2088 1338 2150 35
1354 2089 1395 2149 Κ.

521 2190 716 2250 Accentuum
730 2186 828 2266 legem
843 2187 895 2249 vel
908 2187 1120 2267 distinguendi
1134 2187 1185 2249 vel
1198 2188 1424 2267 pronuntiandi
1437 2187 1519 2250 ratio
1534 2187 1585 2250 vel
1597 2187 1824 2250 discernendae

521 2288 738 2367 ambiguitatis
754 2287 922 2350 necessitas
939 2306 1033 2366 saepe
1048 2287 1227 2350 conturbat.

561 2390 709 2450 Donatus
722 2408 754 2467 p.
770 2386 839 2463 371,
854 2387 891 2448 27
908 2388 948 2448 K.

522 2488 603 2550 Sane
618 2487 737 2550 Graeca
751 2486 848 2549 verba
862 2487 990 2550 Graecis
1003 2486 1184 2549 accentibus
1198 2487 1364 2549 efferimus.
1406 2487 1445 2549 In
1458 2487 1581 2549 Latinis
1594 2506 1694 2566 neque
1708 2496 1823 2549 acutus

521 2598 669 2650 accentus
680 2586 713 2648 in
724 2586 837 2649 ultima
849 2585 969 2666 syllaba
980 2587 1055 2665 poni
1066 2596 1172 2666 potest
1183 2588 1243 2649 nisi
1254 2586 1450 2650 discretionis
1461 2606 1566 2663 causa,
1579 2596 1615 2648 ut
1626 2587 1660 2650 in
1670 2586 1822 2649 adverbio

522 2693 609 2766 pont,
631 2686 701 2749 ideo
721 2706 761 2748 ne
781 2686 912 2748 verbum
933 2697 1063 2765 putetur
1089 2687 1268 2765 imperativi
1287 2687 1384 2763 modi,
1406 2707 1507 2766 neque
1527 2687 1741 2749 circumflexus
1761 2685 1824 2748 nisi

522 2786 556 2848 in
568 2806 606 2848 ea
619 2784 785 2865 particula,
799 2805 880 2865 quae
892 2796 941 2848 est
954 2788 1030 2864 ergd.

562 2889 683 2948 Acutus
693 2895 841 2948 accentus
851 2896 899 2948 est
912 2895 989 2977 nota
1000 2906 1057 2966 per
1067 2885 1228 2965 obliquum
1238 2886 1410 2948 ascendens
1422 2886 1454 2946 in
1468 2887 1627 2949 dexteram
1638 2897 1763 2965 partem
1779 2887 1799 2927 s
1813 2932 1821 2960 ,

522 2987 627 3065 gravis
641 2995 718 3048 nota
732 3005 752 3047 a
766 3005 888 3048 summo
903 2984 935 3046 in
950 2987 1109 3048 dexteram
1124 2997 1246 3065 partem
1262 2986 1479 3048 descendensX
1496 3034 1502 3061 ,
1518 2985 1732 3049 circumflexus
1746 2994 1823 3048 nota

523 3087 562 3148 de
568 3096 663 3148 acuto
669 3096 702 3148 et
708 3085 797 3165 gravi
809 3084 895 3147 iacta
912 3085 940 3142 Λ
954 3084 1079 3164 ,longus
1088 3085 1171 3147 linea
1181 3104 1201 3147 a
1211 3085 1337 3148 sinistra
1350 3085 1382 3146 in
1396 3085 1556 3148 dexteram
1570 3095 1694 3165 partem
1706 3104 1822 3165 aequa-

524 3185 594 3247 liter
614 3186 761 3259 ducta-,
775 3185 880 3247 brevis
893 3185 1013 3264 virgula
1030 3185 1172 3247 similiter
1189 3185 1302 3259 iacens,
1320 3187 1375 3247 sed
1394 3164 1500 3265 panda
1517 3195 1550 3247 et
1569 3185 1822 3259 contractiore),

523 3285 651 3364 hyphen
665 3284 787 3363 virgula
800 3284 941 3347 subiecta
955 3285 1071 3347 versui:
1086 3284 1145 3347 hac
1159 3294 1236 3347 nota
1249 3285 1357 3347 subter
1370 3284 1474 3364 posita
1488 3284 1551 3347 duo
1565 3286 1674 3361 verba,
1689 3305 1760 3348 cum
1775 3284 1821 3346 ita

524 3405 573 3447 res
584 3383 689 3463 exigit,
701 3383 894 3464 copulamus,
907 3392 975 3445 ante
987 3384 1056 3446 tatu
1065 3404 1197 3463 gressum
1208 3394 1241 3446 et

960 3472 999 3496 V

721 3488 848 3579 Turnus
854 3526 898 3578 ut
911 3515 1109 3578 antevolans
1122 3518 1248 3579 tardum
1261 3528 1472 3597 praecesserat
1485 3537 1607 3598 agmen.

525 3649 608 3711 Huic
619 3648 776 3711 contraria
786 3660 835 3710 est
844 3603 1008 3725 diastole?
999 3649 1126 3711 dextera
1136 3669 1209 3728 pars
1222 3646 1396 3730 [quaedam]
1408 3650 1514 3714 circuli
1525 3652 1565 3713 ad
1576 3650 1673 3713 imam
1686 3650 1823 3713 litteram

525 3749 684 3829 adposita:
723 3749 783 3810 hac
798 3758 874 3811 nota
889 3747 971 3810 male
985 3748 1183 3812 cohaerentia
1198 3749 1426 3827 discernuntur,
1443 3760 1479 3812 ut
1494 3761 1543 3813 est
1558 3759 1682 3829 ereptae,
1699 3750 1824 3829 virginis

526 3850 574 3911 iro
587 3857 620 3910 et

884 3947 1039 4027 viridique
1051 3947 1084 4010 in
1099 3947 1189 4010 litore
1202 3949 1402 4028 conspicitur,
1418 3970 1479 4012 sus.

527 4047 742 4127 Apostrophos
757 4046 833 4109 item
850 4045 956 4109 circuli
970 4068 1043 4126 pars
1059 4048 1196 4123 dextera,
1213 4050 1266 4111 sed
1283 4051 1324 4112 ad
1340 4069 1494 4111 summam
1511 4049 1649 4113 litteram
1666 4048 1824 4129 adposita:
1942 4048 1943 4053 ’

526 4148 585 4210 hac
607 4156 683 4208 nota
704 4146 809 4209 deesse
830 4146 1024 4208 ostendimus
1045 4148 1128 4226 parti
1149 4148 1300 4210 orationis
1321 4149 1465 4211 ultimam
1487 4149 1638 4225 vocalem,
1651 4149 1740 4212 cuius
1752 4168 1825 4210 con-

528 4266 642 4309 sonans
668 4258 818 4322 remanet,
845 4258 881 4309 ut
907 4256 955 4329 est
980 4248 1093 4308 tonton’
1120 4268 1166 4309 me
1190 4250 1316 4310 crimine
1340 4250 1465 4327 dignum
1490 4250 1632 4311 Duxisti?
1674 4249 1823 4311 Ceterum

528 4353 648 4410 δασεῖαν
664 4355 697 4407 et
713 4350 804 4423 ψιλήν
814 4346 899 4424 apud
912 4346 1042 4408 Latinos
1053 4348 1073 4408 h
1087 4347 1192 4409 littera
1204 4348 1304 4409 vocali
1317 4348 1427 4410 addita
1438 4348 1488 4410 vel
1502 4349 1645 4411 detracta
1658 4348 1823 4428 significat.

569 4448 716 4508 Donatus
728 4465 760 4525 p.
776 4446 844 4520 387,
859 4448 879 4506 4
893 4448 933 4506 K.

530 4548 609 4608 Sunt
629 4545 747 4608 multae
766 4545 920 4608 dictiones
940 4545 1054 4608 dubiae
1074 4545 1155 4607 inter
1175 4547 1358 4608 adverbium
1379 4557 1412 4609 et
1432 4568 1556 4622 nomen,
1577 4557 1614 4609 ut
1627 4549 1723 4628 solra·
1745 4547 1826 4610 inter

528 4645 712 4707 adverbium
736 4655 769 4707 et
790 4665 972 4725 pronomen,
996 4655 1033 4706 ut
1055 4646 1119 4724 qui,
1144 4646 1226 4707 inter
1248 4646 1433 4709 adverbium
1456 4658 1488 4709 et
1511 4647 1653 4723 verbum,
1677 4657 1713 4710 ut
1736 4657 1825 4726 poam

529 4745 610 4807 inter
621 4744 804 4806 adverbium
816 4755 848 4806 et
858 4744 1068 4824 participium,
1081 4756 1117 4807 ut
1127 4746 1268 4825 prosecta·
1286 4747 1366 4809 inter
1383 4747 1566 4809 adverbium
1584 4758 1616 4809 et
1633 4747 1826 4810 coniunctio

528 4865 611 4921 nem,
631 4854 668 4906 ut
686 4845 817 4923 quotide,
836 4843 918 4906 inter
936 4843 1119 4905 adverbium
1139 4855 1172 4906 et
1190 4845 1462 4925 praepositionem,
1483 4858 1519 4908 ut
1532 4856 1663 4925 propte&
1676 4846 1759 4908 inter
1771 4847 1827 4933 ad·
