3942 6130
443 767 518 828 Trnc
538 767 724 828 Tnanrrrou
744 782 786 828 or
806 784 872 829 sna
890 768 997 829 Mane
1016 769 1149 831 accam
1412 770 1451 832 59

147 976 277 1030 acutum
299 976 474 1030 accentum.
517 967 549 1030 Si
564 987 639 1030 vero
655 967 724 1048 ipsa
745 967 963 1048 monosyllaba
983 978 1099 1031 natura
1120 969 1213 1050 longa
1235 971 1362 1046 fuerint,
1385 991 1449 1033 uon
1507 982 1510 987 ’

146 1067 315 1147 positione,
342 1087 406 1129 non
432 1066 551 1129 habent
577 1067 638 1129 nisi
660 1067 891 1130 circumflexum
914 1071 1171 1131 accentum—ln
1194 1070 1351 1157 disyliobis
1373 1091 1449 1151 quaa

147 1169 290 1246 priorem:
304 1167 338 1228 in
351 1167 497 1229 omnibus
509 1166 671 1247 disyllabis
682 1167 861 1230 nominibus
871 1177 1023 1248 quattuor
1031 1170 1127 1248 pedes
1137 1179 1221 1245 sunt,
1233 1169 1287 1248 qui
1297 1170 1328 1230 in
1339 1169 1449 1249 penul·

145 1267 228 1330 tima
251 1267 317 1330 sive
334 1267 426 1346 longa
443 1268 485 1328 sit
502 1267 568 1329 sive
581 1267 685 1329 brevis
701 1288 766 1329 non
783 1267 902 1330 habent
918 1269 978 1330 nisi
996 1277 1125 1331 acutum
1143 1278 1316 1331 accentum.
1359 1269 1449 1332 Solus

147 1367 315 1430 trochaeus
324 1367 555 1429 cirumfiexum
565 1376 729 1430 accentum
739 1367 1446 1449 habetinpenultima,sinaturalongaluerit.

146 1467 210 1545 Qui
232 1466 259 1528 si
280 1466 436 1547 positione
447 1466 594 1530 habuerit
606 1466 812 1548 penultimam
826 1467 961 1547 longam,
975 1477 1008 1530 et
1021 1468 1088 1547 ipse
1106 1477 1212 1530 mutat
1231 1477 1395 1530 accentum
1416 1480 1449 1532 et

147 1576 278 1629 acutum
291 1566 634 1647 recipit-Trisyllobis
651 1576 679 1629 et
687 1568 838 1646 deinceps:
851 1587 959 1630 omnes
972 1567 1067 1647 pedes
1080 1566 1245 1646 trisyllabi,
1259 1568 1285 1629 si
1296 1568 1331 1631 in
1340 1569 1448 1648 penul-

146 1667 228 1729 tima
238 1666 811 1742 accentumhabent‚acutumhabent.
853 1666 1447 1747 Solusamphibrachus,sipenultimam

147 1775 263 1828 natura
273 1767 398 1846 longam
412 1765 568 1841 habuerit,
584 1766 813 1828 circumflexum
823 1766 947 1847 accipit.
988 1767 1060 1845 Qui,
1072 1766 1098 1829 si
1107 1767 1282 1847 penultima
1291 1769 1447 1848 positione

147 1866 937 1946 fueritlonga,mutataccentumetacutumrecipit.
979 1866 1447 1948 Indactuloinantepenultima

146 1977 262 2028 acutus
274 1966 449 2046 ponendus,
460 1966 526 2028 sive
537 1976 652 2029 natura
667 1966 709 2028 sit
722 1966 789 2028 sive
801 1966 958 2046 positione
971 1966 1245 2046 longa-Parosta
1258 1977 1292 2030 et
1305 1969 1448 2047 Cethegus

147 2065 391 2145 amphibrachus
406 2086 462 2145 pes
477 2076 538 2128 eat:
553 2065 728 2146 penultima
743 2065 850 2145 ipsius,
867 2066 894 2128 si
908 2077 1024 2128 natura
1039 2066 1131 2146 longa
1147 2067 1198 2142 sit,
1217 2067 1445 2132 circumflexum

148 2165 269 2245 recipit.
310 2166 398 2243 Quae
412 2165 439 2227 si
452 2165 608 2245 positione
622 2164 714 2245 longa
727 2166 794 2242 fiat,
805 2174 911 2228 mutat
925 2175 1089 2229 accentum
1103 2175 1137 2229 et
1150 2166 1183 2228 in
1197 2167 1447 2247 antepenultima

146 2275 278 2328 acutum
303 2266 423 2345 recipit.
464 2266 650 2328 Notandum
673 2265 757 2328 hunc
780 2264 881 2328 solum
904 2266 1017 2346 pedem
1040 2266 1271 2329 circumflexum
1295 2268 1446 2349 accipere,

147 2365 176 2427 si
189 2365 364 2444 penultima
377 2375 491 2427 natura
505 2364 597 2445 longa
609 2365 714 2428 fuerit.
1396 2384 1399 2393 ·

191 2464 361 2527 Cledonius
373 2485 405 2544 p.
421 2466 470 2538 32,
485 2466 523 2526 29
536 2466 578 2526 K.

148 2565 246 2626 Ratio
257 2574 453 2627 accentutmr.
494 2564 694 2644 Tribrachys‚
706 2573 743 2627 ut
753 2578 882 2639 macuta
894 2564 927 2626 in
937 2565 1188 2645 antepenultima
1197 2576 1327 2629 acutum
1338 2568 1445 2631 habet.

147 2663 318 2739 Molossus,
333 2674 371 2726 ut
385 2672 521 2740 naturae,
537 2664 603 2727 sive
617 2673 732 2727 natura
746 2665 803 2727 fiat
819 2664 885 2727 sive
898 2665 1064 2744 positione,
1080 2665 1113 2727 in
1127 2665 1302 2745 penultima
1317 2677 1446 2730 acutum

37 2802 43 2815 ·
145 2764 255 2826 habet.
290 2766 498 2843 Anapaestus,
510 2773 546 2826 ut
555 2766 658 2839 Ereto,
669 2764 781 2844 quovis
790 2764 1188 2845 modoinantepenultima
1198 2776 1327 2829 acutum
1338 2767 1444 2830 habet.

145 2863 408 2939 Palimbacchius,
423 2863 478 2942 qui
494 2873 527 2925 et
544 2864 770 2940 antibacchius,
786 2874 824 2926 ut
840 2872 960 2942 nature,
975 2865 1087 2944 quovis
1100 2866 1195 2927 modo
1212 2867 1246 2928 in
1268 2866 1444 2946 penultima

144 2973 277 3025 acutum
285 2964 392 3027 habet.
432 2963 692 3044 Amphibrachys,
700 2973 737 3026 ut
745 2964 1087 3046 carirra‚inpenultima
1096 2965 1326 3028 circumflexum
1336 2967 1444 3044 habet,

145 3064 173 3125 si
184 3072 299 3125 natura
310 3063 415 3144 longa3
426 3063 453 3125 si
462 3063 627 3143 positione,
638 3073 778 3140 acutum,
790 3074 827 3126 ut
837 3073 959 3127 carecto.
1000 3065 1250 3145 Amphimacrus,
1261 3075 1299 3129 ut
1315 3067 1446 3145 insulae,

145 3164 260 3242 quovis
270 3163 669 3245 modoinantepeuultima
680 3175 809 3226 acutum
820 3164 926 3227 habet.
967 3165 1113 3245 Quinque
1124 3166 1348 3246 sunthipedes
1358 3187 1442 3248 ergo,

145 3262 202 3342 qui
223 3263 336 3342 quovis
357 3263 451 3324 modo
472 3263 505 3325 in
527 3263 776 3343 antepenultima
797 3274 927 3326 acutum
943 3265 1073 3341 habent,
1094 3265 1270 3344 tribrachys
1293 3265 1445 3329 molossus

143 3372 336 3441 anapaestus
344 3361 490 3442 dactylus
498 3371 531 3424 et
539 3363 781 3443 amphimacrus.
822 3364 896 3426 Duo
906 3373 990 3440 sunt,
998 3363 1244 3444 palimbacchius
1252 3377 1285 3428 et
1297 3365 1445 3428 bacchius

145 3472 284 3538 tantum,
295 3463 350 3541 qui
365 3462 478 3541 quovis
492 3464 586 3524 modo
603 3462 636 3524 in
650 3462 825 3544 penultima
839 3473 969 3526 acutum
985 3464 1114 3527 habent.
1155 3466 1246 3528 Unus
1260 3458 1445 3546 est'amphi·

143 3561 291 3640 brachys,
308 3564 362 3642 qui
377 3563 411 3623 in
427 3562 612 3642 penultima,
629 3563 656 3624 si
671 3574 786 3625 natura
802 3563 894 3643 longa
910 3564 1015 3639 luerit,
1032 3564 1264 3628 circumflexum
1279 3566 1401 3646 recipit,
1419 3567 1445 3629 si

143 3661 311 3741 positione,
334 3671 473 3723 acutum.
514 3663 553 3724 ln
575 3661 798 3742 amphibracho
820 3663 899 3725 haec
919 3674 967 3726 est
990 3664 1084 3726 ratio:
1106 3664 1199 3727 huius
1220 3665 1395 3745 penultima
1417 3667 1443 3728 si

142 3761 300 3841 positione
314 3760 407 3841 longa
422 3761 527 3838 fuerit,
542 3772 671 3825 acutum
685 3761 817 3825 habebit
830 3774 1006 3840 accentum,
1021 3765 1048 3825 si
1061 3773 1187 3840 natura,
1202 3764 1442 3828 circumflexum.

143 3860 379 3923 Providendum
390 3871 438 3923 est
447 3870 555 3924 autem
565 3871 603 3923 ut
612 3861 787 3942 penultima
795 3862 1012 3942 amphibrachi
1020 3864 1177 3943 positione
1186 3865 1244 3927 fiat
1253 3864 1443 3945 longaznam

143 3960 173 4022 si
184 3980 221 4021 ex
234 3970 324 4022 muta
336 3970 370 4023 et
377 3959 501 4040 liquida
513 3961 609 4024 luerit
621 3961 707 4024 facta
718 3962 835 4042 positio
847 3962 1051 4042 penultimae,
1063 3973 1177 4026 acutus
1188 3964 1221 4026 in
1234 3965 1444 4045 antepenulti-

143 4079 232 4122 mam
246 4060 370 4122 transit.

185 4160 354 4224 Cledonius
369 4181 401 4241 p.
420 4162 469 4237 33,
490 4163 525 4223 12
545 4163 585 4223 Κ.

142 4260 186 4320 In
202 4261 387 4339 compositis:
415 4260 694 4340 quotienscumque
717 4282 754 4322 ex
780 4260 922 4341 pluribus
948 4261 1091 4342 partibus
1117 4262 1245 4325 nomina
1268 4263 1443 4343 composita

139 4359 323 4437 reperimus,
338 4379 402 4422 non
418 4360 477 4423 nisi
491 4360 525 4422 in
539 4360 642 4423 tribus
656 4360 784 4441 syllabis
797 4370 962 4424 accentum
978 4362 1167 4441 quaerimus.
1208 4362 1247 4425 In
1262 4349 1443 4442 compositis

84 4464 87 4471 ’
139 4459 338 4521 sermonibus
358 4478 458 4539 aeque
476 4480 558 4523 unus
577 4470 726 4523 accentus
745 4461 915 4537 invenitur,
936 4461 1018 4523 sicut
1037 4472 1071 4524 et
1089 4462 1123 4522 in
1143 4460 1346 4541 simplicibus,
1367 4462 1441 4541 quia

139 4559 176 4620 in
187 4558 291 4621 tribus
301 4556 429 4638 syllabis
440 4559 599 4623 invenitur
610 4570 758 4623 accentus
771 4556 814 4634 [in
825 4560 955 4624 bacchio
966 4582 1041 4624 vero
1053 4561 1086 4622 in
1096 4560 1272 4642 penultima
1282 4561 1442 4624 invenitur

138 4667 256 4721 acutus
268 4669 426 4735 accentus,
441 4659 507 4722 sive
520 4660 573 4722 illa
585 4660 740 4740 positione
754 4660 796 4722 sit
809 4659 901 4742 longa
915 4661 981 4723 sive
994 4658 1129 4736 natural.
1170 4664 1293 4725 Interea
1306 4660 1442 4725 inante

139 4757 317 4839 penultima
339 4744 594 4823 esti-accentus
615 4760 648 4821 in
671 4761 823 4823 Romanis
844 4760 949 4824 verbis
970 4771 1003 4822 et
1024 4760 1057 4821 in
1079 4759 1272 4839 regularibus
1294 4780 1441 4840 quaerere

139 4859 303 4922 debemus.
343 4859 509 4940 Peregrina
525 4860 664 4936 nomina,
682 4880 763 4939 quae
780 4870 855 4923 sunt
872 4860 1017 4937 barbara,
1035 4859 1086 4922 vel
1102 4860 1342 4937 interiectiones,
1360 4879 1441 4940 quae
