3942 6130
464 766 539 827 Tau
558 765 745 825 Tnanrrron
766 779 807 825 or
826 779 892 825 aaa
911 764 1017 825 Luam
1037 765 1170 825 Accam
1427 762 1465 825 55

209 965 392 1029 Macrobius
404 985 468 1028 exc.
484 966 554 1028 Par.
568 985 600 1044 p.
615 966 683 1041 600,
699 966 736 1026 22
750 965 791 1027 K.

170 1065 290 1128 Graeoa
303 1064 411 1140 verba,
426 1065 553 1144 quando
568 1073 799 1144 componuntur
813 1083 884 1125 cum
897 1062 1138 1143 praepositione,
1153 1063 1287 1125 eundem
1301 1071 1464 1125 accentum
1490 1075 1633 1121 menum:

169 1164 235 1227 sine
252 1165 348 1228 dubio
366 1174 503 1240 servant,
517 1168 703 1239 καταγράφω
719 1167 866 1238 περιφέρω
884 1168 1046 1239 ἀναγλύφω
1063 1166 1192 1237 ὑπομένω
1209 1167 1355 1239 διατρὲχω
1372 1188 1460 1226 κατα·
1488 1160 1714 1264 fflfflffffl

168 1271 254 1330 λαλῶ
270 1274 395 1340 προορῶ.
438 1266 520 1327 Cum
534 1284 610 1327 vero
624 1263 669 1327 eis
683 1262 745 1326 alia
764 1282 839 1344 pars
853 1262 1005 1327 orationis
1019 1262 1210 1343 adiungitur,
1224 1263 1319 1325 modo
1333 1271 1461 1325 mutant
1487 1261 1527 1305 ⁵⁰²
1537 1265 1640 1313 meu.

167 1366 312 1446 priorem,
323 1365 418 1426 modo
432 1373 562 1427 tuentur
575 1372 748 1427 accentum.
791 1364 924 1426 Servant
938 1362 971 1424 in
983 1362 1043 1438 his,
1057 1369 1110 1427 τίω
1125 1369 1207 1438 ἀνία,
1221 1367 1460 1443 bonoratorum,

167 1465 252 1528 unde
271 1469 489 1541 κακοσσόμενος,
506 1470 597 1528 virro
613 1470 770 1540 χερνίπτω,
785 1463 868 1526 unde
881 1472 929 1526 est
944 1468 1132 1540 ’χερνίψαντο
1146 1469 1170 1528 δ’
1180 1464 1306 1540 tuera',
1327 1469 1464 1541 κιθαρίζω

168 1571 388 1642 χοροκνθαρὶζω.
430 1566 469 1625 ln
492 1563 726 1639 aliismutant,
744 1568 851 1639 γλὺφω
872 1569 1104 1642 καλαμογλυφῶ,
1123 1568 1242 1638 γράφω.
1261 1573 1462 1641 χειρογραφῶ,

168 1670 258 1730 σθένω
276 1670 407 1739 εὑσθενῶ,
428 1669 507 1740 σέβω
525 1670 642 1739 abactio.
682 1663 789 1726 Latini
809 1662 950 1726 similiter
964 1672 1102 1739 servant,
1113 1667 1264 1742 praepono
1291 1671 1464 1742 praeturam·

166 1774 305 1841 mutant,
322 1765 428 1844 colligo
445 1765 546 1845 affero.

207 1863 389 1928 Macrobius
402 1884 466 1927 exc.
482 1865 552 1925 Par.
566 1884 598 1943 p.
613 1865 682 1938 601,
696 1864 734 1925 23
748 1865 789 1924 K.

164 1965 259 2045 Apud
271 1965 405 2028 Graecos
411 1984 517 2027 eorum
524 1963 665 2037 verbum,
672 1963 706 2024 in
713 1983 845 2042 quorum
854 1962 956 2043 prima
968 1962 1122 2043 positione
1133 1963 1346 2026 circumflexus
1355 1983 1463 2027 accen-

164 2064 368 2127 tusultimam
376 2063 528 2143 syllabam
536 2072 633 2139 tenet,
644 2072 707 2126 tres
714 2061 1156 2141 suntconiugationes‚quibus
1163 2062 1379 2126 discretionem
1386 2063 1463 2125 facit

165 2165 302 2227 secunda
321 2183 464 2245 persona,
480 2183 575 2242 quarn
594 2163 698 2243 prima
711 2162 891 2242 coniugatio
910 2162 1008 2224 habet
1021 2161 1054 2222 in
1076 2188 1113 2229 εις
1132 2162 1363 2242 diphthongum
1383 2163 1462 2225 desi-

164 2274 302 2340 nentem,
321 2274 359 2327 ut
378 2269 489 2341 λαλεῖς,
508 2264 645 2326 secunda
662 2263 696 2324 in
715 2290 759 2341 ας,
778 2261 828 2325 cui
846 2262 1012 2325 ascribitur
1030 2261 1158 2341 quidem
1177 2289 1197 2337 ι,
1216 2262 1271 2325 sed
1288 2262 1367 2326 nihil
1384 2283 1461 2326 sono

164 2363 296 2440 confert,
312 2374 349 2427 ut
370 2368 466 2442 τιμᾷς,
482 2363 578 2426 tertia
599 2362 631 2424 in
653 2387 696 2429 αις
716 2362 960 2443 dipthhongum,
980 2371 1019 2424 ut
1041 2369 1205 2437 στεφανοῖς.
1246 2363 1364 2424 Eorum
1386 2383 1461 2426 vero

163 2463 526 2543 verborum,inquorum
534 2463 637 2543 prima
644 2461 800 2542 positione
807 2461 911 2542 gravis
919 2470 1066 2524 accentus
1074 2462 1300 2542 paenultimam
1309 2461 1461 2542 syllabam

163 2562 676 2644 signatsexsunteoniugationes.
719 2561 950 2625 Sedinhisnon
959 2562 1095 2623 secunda
1103 2580 1235 2642 persona
1243 2561 1460 2625 discretionem

162 2662 251 2738 facit,
264 2664 381 2744 quippe
392 2682 463 2725 cum
474 2662 509 2725 in
519 2663 664 2725 omnibus
676 2663 811 2725 secunda
827 2680 960 2742 persona
976 2660 1009 2722 in
1027 2688 1065 2727 εις
1080 2661 1311 2741 diphthongum
1323 2650 1459 2725 finiatur.

164 2763 225 2826 Sed
243 2763 354 2825 harum
374 2762 628 2843 coniugationum
646 2763 680 2824 in
696 2762 798 2842 prima
816 2779 948 2841 persona
966 2761 1159 2824 differentiae
1177 2761 1459 2841 deprehenduntur.

162 2862 331 2940 Quaeritur
345 2863 428 2926 enim
443 2862 477 2924 in
491 2862 594 2942 prima
607 2881 740 2942 persona
754 2861 843 2924 verbi
858 2861 1016 2939 cuiusque,
1032 2879 1113 2939 quae
1128 2861 1251 2923 litterae
1271 2862 1461 2941 praecedant

162 2988 186 3025 ω
200 2962 326 3025 finalem
343 2962 481 3026 litteram
497 2962 586 3025 verbi
590 3009 798 3023 .....
838 2961 933 3041 Apud
948 2960 1090 3036 Latinos,
1107 2981 1240 3040 quorum
1255 2960 1376 3024 nullum
1392 2978 1460 3025 ver·

161 3062 238 3125 bum
250 3061 285 3124 in
296 3061 421 3125 finalem
434 3061 586 3142 syllabam
600 3060 743 3124 admittit
754 3070 930 3136 accentmn,
943 3069 1066 3122 cessant
1078 3060 1272 3124 differentiae
1284 3080 1362 3140 quas
1374 3064 1460 3142 apud

162 3162 299 3225 Graecos
313 3162 525 3224 circumflexus
539 3161 682 3241 gravisve
695 3160 845 3235 iecerunt,
861 3180 993 3239 quorum
1007 3159 1140 3222 alterum
1153 3160 1188 3221 in
1200 3160 1304 3224 verbis
1317 3162 1458 3239 ultimae,

160 3261 295 3325 alterum
315 3260 529 3342 paenultimae
550 3260 713 3323 Graeciam
734 3259 869 3323 diximus
889 3260 1064 3339 deputasse.
1106 3262 1220 3323 Restat
1240 3259 1336 3341 igitur
1356 3261 1389 3324 in
1409 3262 1460 3325 his

160 3361 329 3424 Latinitati
348 3381 429 3424 unus
448 3369 606 3436 accentus,
625 3377 752 3440 gravem
772 3359 853 3435 dioo,
873 3359 927 3438 qui
946 3358 1030 3422 solus
1049 3361 1194 3422 Romana
1212 3360 1310 3423 verba
1329 3361 1459 3425 sortitus

160 3470 221 3538 sst3
238 3462 293 3524 sed
309 3461 369 3523 hoc
383 3460 544 3541 proprium
561 3460 594 3522 in
610 3459 714 3523 verbis
729 3459 852 3522 Latinis
867 3458 974 3535 habet,
991 3460 1076 3539 quod
1091 3479 1156 3522 non
1172 3480 1302 3541 semper,
1319 3470 1356 3524 ut
1373 3463 1458 3543 apud

160 3560 306 3636 Graecos,
326 3560 382 3623 ubi
402 3560 506 3635 fuerit,
526 3559 561 3621 in
580 3558 806 3640 paenultimam
827 3558 980 3639 syllabam
1001 3559 1096 3635 cadit,
1118 3559 1171 3622 sed
1192 3579 1285 3641 saepe
1304 3569 1337 3623 et
1357 3580 1374 3623 a
1396 3562 1459 3625 fine

158 3659 285 3724 tertiam
306 3669 403 3736 tenet,
424 3670 461 3723 ut
481 3666 583 3740 aggero
603 3661 704 3739 resero.
745 3660 837 3737 Quod
856 3659 941 3740 apud
962 3658 1097 3723 Graecos
1115 3679 1179 3722 non
1198 3670 1305 3740 potest
1324 3661 1457 3739 evenire,

158 3761 245 3841 apud
267 3779 345 3839 quos
365 3759 399 3821 iu
420 3759 579 3823 communi
599 3758 706 3839 lingua
727 3759 794 3822 fieri
814 3779 878 3821 non
898 3768 1015 3839 potest,
1037 3768 1085 3836 ut,
1107 3780 1179 3822 cum
1206 3760 1309 3822 finalis
1336 3760 1457 3840 syllaba

157 3858 251 3940 longa
264 3869 323 3935 est,
337 3859 449 3922 tertius
463 3878 483 3921 a
495 3858 558 3922 fine
570 3858 725 3922 habeatur
738 3868 919 3922 accentusa
933 3867 1040 3922 autem
1053 3859 1238 3923 naturaliter
1250 3860 1377 3940 longum
1397 3872 1454 3924 est.

157 3959 241 4039 Ergo
252 3979 425 4040 numquam
439 3969 586 4022 accentus
598 3958 631 4020 in
643 3944 735 4021 huius
746 3958 832 4021 modi
844 3958 948 4021 verbis
959 3959 1045 4039 apud
1057 3958 1126 4022 illos
1137 3959 1172 4022 in
1183 3960 1311 4023 tertium
1324 3961 1456 4040 gradum

157 4058 349 4139 syllabarum
379 4059 506 4123 recedit.
799 4048 801 4053 ’

197 4158 380 4221 Macrobius
392 4178 456 4222 exc.
470 4158 550 4221 Bob.
563 4178 595 4237 p.
609 4156 678 4234 637,
692 4156 708 4220 7
723 4159 764 4220 Κ.

155 4259 248 4337 Apud
262 4258 397 4321 Graecos
406 4257 653 4339 praepositiones
663 4256 767 4320 verbis
777 4258 919 4321 adiectae
929 4267 1093 4321 accentum
1104 4260 1272 4322 eorundem
1283 4271 1454 4337 reservant,

157 4362 267 4432 γράφω
293 4362 488 4436 καταγράφω,
517 4363 625 4431 βάλλω
655 4362 838 4432 καταβάλλω
866 4362 1050 4435 περιβάλλω,
1080 4362 1157 4433 φέρω
1186 4363 1343 4439 reprobos,
1372 4366 1454 4426 καλῶ

156 4462 323 4536 κατακαλὼ,
343 4462 449 4533 γλὺφω
473 4462 646 4532 tamisae.
686 4457 794 4519 Latini
818 4467 983 4520 accentum
1009 4458 1043 4519 in
1068 4457 1137 4519 aliis
1163 4469 1301 4535 servant,
1325 4459 1360 4521 in
1384 4460 1454 4523 aliis

154 4566 293 4634 mutant,
305 4566 342 4619 ut
354 4564 440 4619 carro
454 4564 621 4636 praecitato,
632 4560 711 4636 pono
721 4561 883 4637 praepono,
894 4558 1041 4636 prehendo
1054 4558 1242 4636 reprehendo,
1255 4560 1322 4639 stro
1341 4560 1452 4640 adsere,

153 4663 221 4737 gero
233 4663 345 4737 ingero,
352 4658 433 4737 frico
445 4657 561 4737 refrico,
572 4664 618 4719 aio
630 4658 722 4733 deuio,
736 4658 819 4720 traho
831 4657 982 4732 connato,
995 4659 1056 4737 lego
1069 4658 1184 4738 colligo,
1195 4665 1296 4736 premo
1308 4660 1451 4737 arpano.

194 4755 371 4818 Priscianus
383 4757 411 4832 I,
424 4754 462 4818 47
476 4776 508 4836 p.
523 4758 572 4832 35,
587 4758 626 4818 24
638 4757 680 4818 H.

153 4857 187 4918 H
204 4828 326 4919 literam
343 4876 407 4919 non
424 4876 489 4919 esse
506 4856 709 4932 ostendimus,
726 4856 782 4920 sed
797 4864 907 4918 notam
923 4856 1132 4935 aspirationis,
1150 4875 1244 4936 quam
1262 4857 1452 4920 Graecorum
