3942 6130
426 822 502 881 Tira
521 821 708 882 Inanmou
730 837 770 881 οιἶ
790 837 856 882 mn
876 822 981 882 Lnrnr
1002 820 1136 882 Accaus
1392 821 1428 882 81

124 1030 162 1100 p¹
201 1019 336 1100 potest?
353 1019 491 1101 potuit?)
509 1024 543 1083 in
560 1022 622 1083 alia
639 1022 744 1100 lingua
756 1040 918 1101 exponere.
958 1020 1185 1083 Nicbilautem
1202 1020 1310 1084 diflert
1323 1031 1431 1084 utrum

124 1139 209 1200 pape
228 1130 360 1183 accentu
378 1120 412 1183 iu
431 1120 492 1183 fine
510 1122 614 1200 posito
632 1131 690 1183 aut
708 1121 883 1201 penultima
902 1122 1039 1183 dicatur:
1058 1120 1200 1184 similiter
1216 1122 1250 1184 in
1269 1123 1389 1184 ceteris.

168 1221 292 1283 Comm.
312 1221 404 1282 Bern.
422 1221 455 1284 in
474 1222 572 1283 Don.:
592 1221 709 1283 Anecd.
729 1220 854 1283 Helvet.
873 1241 904 1301 p.
925 1221 1014 1284 CXV
1030 1222 1073 1283 H.

126 1321 164 1382 F.
187 1319 239 1382 tab
259 1318 356 1396 (Don.
374 1341 406 1400 p.
426 1322 494 1397 392,
514 1318 566 1396 21)
585 1320 807 1383 Detrahuntur
829 1331 987 1397 accentus,
1006 1331 1043 1383 ut
1061 1321 1085 1383 si
1104 1321 1175 1400 quis
1192 1332 1279 1383 meta
1295 1332 1380 1383 creta
1398 1331 1431 1384 et

125 1431 233 1482 cetera
247 1420 324 1483 talia
339 1419 399 1483 sub
413 1430 508 1483 acuto
518 1431 651 1483 accentu
660 1421 923 1501 pronuntiaverit,
935 1440 1006 1482 cum
1018 1420 1077 1483 sub
1087 1420 1283 1483 circumflexo
1293 1441 1431 1501 pronun·
1561 1500 1566 1509 .

128 1519 240 1581 tianda
259 1520 336 1582 sint:
355 1530 432 1583 tunc
450 1520 487 1582 fit
507 1520 661 1583 detractio
681 1519 868 1583 circumflexi
887 1530 920 1583 et
938 1521 1053 1600 positio
1072 1530 1175 1583 acute.

170 1619 284 1699 Papias
304 1620 343 1682 de
362 1639 392 1681 a.
413 1639 472 1700 gr:
491 1620 609 1682 Anecd.
630 1620 756 1683 Helvet.
776 1641 808 1700 p.
830 1620 1029 1697 CLXXXII,
1051 1623 1091 1682 20
1108 1622 1150 1683 H.

126 1720 297 1800 Proprium
316 1729 365 1781 est
386 1720 619 1796 interiectionis,
642 1730 765 1783 motum
786 1720 883 1782 animi
905 1720 955 1782 vel
976 1721 1127 1783 allectum
1148 1719 1236 1782 verbi
1258 1720 1324 1782 sine
1346 1731 1432 1783 certo

126 1828 262 1881 accentu
281 1819 463 1899 significare,
482 1829 519 1882 ut
537 1812 650 1900 papae,
669 1830 702 1882 et
721 1821 829 1883 sinon
848 1819 995 1896 addatur,
1014 1819 1207 1901 significatur
1227 1821 1332 1883 miror.

631 1921 681 1982 De
704 1920 947 2007 astronomicis,

129 2019 166 2080 F.
195 2017 375 2081 1382c01.1
418 2065 426 2082 .
470 2066 479 2082 .
524 2066 531 2081 .
575 2067 584 2082 .
627 2020 671 2082 sic
689 2039 813 2100 quoque
829 2019 982 2099 Tyberias
999 2019 1153 2082 Herodias
1175 2019 1427 2099 patronomicum

128 2129 259 2181 servant
275 2129 451 2195 accentum,
469 2137 549 2198 quae
568 2119 724 2183 Graecum
736 2130 864 2182 servant
879 2120 1125 2197 nominativum,
1142 2119 1197 2182 ubi
1212 2139 1286 2181 vero
1296 2120 1433 2183 mutatio

86 2218 94 2234 “
128 2217 168 2280 fit
184 2218 308 2281 litterae
323 2228 382 2281 aut
398 2219 557 2298 temporis,
575 2219 661 2299 apud
677 2239 735 2282 nos
751 2220 882 2282 Latinae
900 2219 1022 2299 regulae
1033 2238 1195 2283 servamus
1203 2230 1379 2296 accentum,
1393 2229 1431 2282 ut

127 2318 227 2398 Lysia
250 2318 335 2381 Asia.

173 2418 287 2497 Papias
296 2417 455 2498 produced
468 2418 518 2481 his
530 2418 766 2481 Elanmtarium
779 2438 806 2481 c.
823 2420 909 2482 1063.
951 2420 1001 2481 He
1015 2419 1092 2481 then
1105 2418 1273 2499 composed
1285 2419 1335 2482 his
1349 2417 1433 2480 boolr

129 2536 174 2578 on
190 2536 357 2597 grammar,
373 2517 530 2599 following
546 2519 599 2581 the
615 2518 780 2598 authority
797 2519 830 2581 oi
852 2519 990 2581 Priscian
1016 2515 1084 2593 (See
1106 2519 1224 2581 Anecd.
1249 2518 1375 2581 Helvet.
1398 2539 1431 2599 p.

131 2618 305 2680 CLXXIX
326 2614 383 2693 H).

171 2716 379 2796 Artigraphus
409 2718 587 2780 Bemensis:
617 2719 735 2781 Anecd.
766 2718 892 2781 Helvet.
914 2738 945 2799 p.
970 2719 1077 2781 CCIX
1107 2720 1139 2781 H
1165 2744 1192 2768 =
1222 2718 1337 2779 Iuliani
1366 2737 1432 2780 erc.

130 2836 164 2896 p.
184 2818 253 2893 321,
276 2818 310 2878 12
331 2817 371 2878 K.
794 2886 797 2891 ,

130 2916 216 2995 Quid
230 2927 279 2979 est
292 2917 388 2978 arsis?
423 2917 578 2993 Elevatio,
588 2917 621 2979 id
632 2927 681 2980 est
691 2917 850 2980 inchoatio
860 2918 969 2998 partis.
1005 2918 1087 2998 Quid
1097 2928 1146 2980 est
1157 2917 1270 2980 thesis?
1304 2918 1433 2993 Positio,

130 3017 233 3097 idest
250 3015 321 3078 linis
338 3017 446 3096 partis.
489 3019 559 3097 Quo
577 3012 688 3088 niodo?
730 3019 813 3080 Puta
830 3018 856 3081 si
873 3018 976 3080 dicam
994 3018 1142 3097 prudens,
1155 3037 1215 3098 pru
1227 3018 1362 3080 elevatio
1374 3026 1433 3094 est,

131 3116 211 3178 dens
226 3116 351 3195 positio.
386 3118 425 3177 In
438 3107 608 3196 trisyllabis
619 3127 652 3180 et
666 3116 878 3197 tetrasyllabis
890 3117 1024 3198 pedibus
1037 3129 1114 3198 quot
1128 3116 1264 3197 syllabas
1275 3117 1435 3180 revindicat

130 3216 211 3278 arsis
223 3226 256 3278 et
270 3226 348 3296 quot
362 3216 475 3278 thesis?
516 3219 556 3278 In
569 3216 749 3296 trisyllabis,
764 3219 789 3280 si
802 3218 835 3279 in
848 3217 951 3297 prima
966 3217 1086 3297 syllaba
1099 3216 1244 3280 habuerit
1257 3228 1433 3294 accentum,

131 3326 265 3395 utputa
282 3315 437 3393 dominus,
454 3316 534 3378 duas
549 3316 687 3396 syllabas
702 3317 843 3380 vindicat
858 3319 946 3380 arsis.
990 3318 1039 3381 Sic
1055 3329 1088 3381 et
1105 3328 1247 3398 tempora
1263 3316 1435 3380 secundum

130 3415 347 3496 quantitatem
364 3415 556 3495 syllabarum
574 3415 632 3479 sibi
651 3416 867 3480 vindicabunt.

176 3514 316 3578 Iulianus
334 3534 399 3578 was
418 3515 530 3596 bishop
549 3516 582 3577 ol
601 3516 731 3593 Toledo,
751 3519 903 3580 tao-690.
927 3514 990 3592 (see
1010 3517 1081 3580 Keil
1100 3537 1132 3597 p.
1154 3513 1236 3592 314).

175 3614 323 3677 Pulianus
342 3616 527 3678 Toletanus:
545 3616 663 3679 Anecd.
684 3617 811 3680 Helvet.
835 3637 868 3698 p.
887 3617 1050 3694 CCXVII,
1072 3619 1109 3679 22
1129 3618 1175 3678 H:
1195 3636 1244 3679 see
1269 3616 1436 3680 Cledonius

131 3735 166 3792 p.
190 3712 237 3790 78,
259 3717 276 3776 2
298 3716 339 3777 Κ.

176 3813 317 3876 Iulianus
337 3814 523 3877 Toletanus:
544 3815 661 3877 Anecd.
684 3815 810 3878 Helvet.
833 3836 864 3896 p.
889 3815 1071 3892 CCXVIII,
1094 3817 1132 3877 26
1153 3817 1195 3878 H.

132 3915 292 3976 Accentus
310 3913 577 3977 interiectionibus
596 3915 672 3977 certi
690 3935 756 3977 esse
773 3932 837 3977 non
856 3924 999 3994 possunt,
1020 3925 1056 3977 ut
1074 3914 1138 3977 fere
1156 3915 1188 3977 iu
1207 3916 1277 3977 aliis
1295 3914 1436 3991 vocibus,

132 4031 215 4092 quas
233 4013 410 4075 inconditas
425 4014 612 4076 invenimus.
654 4015 837 4095 Quomodo?
878 4015 965 4078 Sicut
977 4016 1010 4077 iu
1023 4016 1191 4095 peregrinis
1204 4014 1317 4091 vorbis,
1330 4024 1388 4076 aut
1402 4015 1433 4077 in

132 4111 278 4176 barbaris
300 4113 479 4176 nominibus
503 4123 651 4176 accentus
675 4116 751 4176 certi
774 4133 838 4177 non
863 4125 947 4191 sunt,
972 4115 1019 4177 ita
1042 4124 1075 4176 et
1098 4116 1131 4176 in
1154 4113 1433 4177 interiectionibus.

137 4210 202 4288 (CI.
225 4213 375 4275 Alcuinus
396 4232 427 4292 p.
452 4215 528 4275 2142
551 4211 613 4289 Ρ.).

176 4312 384 4392 Artigraphus
405 4313 583 4375 Bemensis:
605 4314 723 4376 Anecd.
746 4314 873 4376 Helvet.
895 4334 927 4394 p.
952 4314 1132 4391 CCXVIII,
1157 4316 1195 4376 28
1216 4314 1289 4376 adn.
1314 4315 1355 4376 H.

134 4414 175 4474 In
185 4412 452 4475 interiectionibus
461 4424 496 4475 et
505 4414 537 4475 in
548 4414 716 4494 peregrlnis
727 4413 830 4477 verbis
839 4423 873 4476 et
883 4415 915 4475 in
926 4414 1068 4476 barbaris
1077 4413 1258 4476 nomInibus
1271 4414 1348 4476 certi
1361 4423 1435 4476 sunt

134 4520 346 4589 accentus,an
359 4514 441 4574 non?
482 4512 565 4575 Non.
573 4513 656 4592 Quid
670 4512 714 4575 ibi
728 4513 906 4575 iaciendum
919 4516 985 4577 est?
1026 4513 1439 4593 InpotestateunIuscuius·

136 4631 198 4691 que
227 4613 378 4675 consistit.
420 4612 603 4692 Quomodo?
645 4614 700 4690 Ut,
729 4633 801 4675 cum
828 4614 1001 4675 necessaria
1028 4613 1155 4690 inerint,
1184 4614 1230 4675 ita
1251 4614 1284 4676 in
1307 4614 1437 4675 metrica

134 4721 297 4791 ponantur
322 4712 451 4774 ratione.

176 4811 236 4873 Ars
250 4811 318 4873 cod.
334 4813 426 4874 Bern.
441 4810 463 4873 i.
479 4811 547 4873 58b:
567 4812 685 4874 Anecd.
700 4811 825 4875 Helvet.
840 4833 872 4892 p.
888 4812 1106 4888 CCXXXHI,
1125 4814 1160 4874 16
1174 4814 1216 4873 H.

135 4911 292 4974 Discretio
327 4912 498 4991 corrumpit
529 4911 666 4991 regulam
693 4923 889 4974 accentuum.
931 4912 1113 4993 Quomodo?
1155 4913 1237 4974 Puta
1273 4912 1298 4973 si
1334 4911 1438 4973 dicam
