3996 6146
487 797 562 857 Tne
582 797 769 858 Thanrrrou
789 812 830 858 or
851 813 916 859 rme
935 797 1042 859 Larru
1062 798 1195 860 Accam
1450 797 1487 860 67

230 995 451 1059 Pronuntiatio
465 996 646 1076 frequenter
660 996 841 1077 corrumpit,
857 1007 894 1060 ut
908 1007 989 1077 puta
1002 998 1113 1059 doctiss.
1154 998 1242 1074 Quae
1257 998 1377 1076 syllaba
1391 998 1489 1061 habet

187 1100 373 1160 accentum?
411 1097 487 1173 Doc,
503 1096 653 1176 quoniam
667 1098 753 1177 prior
768 1096 889 1177 syllaba
904 1115 1025 1177 semper
1040 1097 1137 1160 habet
1152 1107 1326 1160 accentum.
1367 1096 1488 1161 Ultima

186 1195 275 1257 enim
288 1215 461 1275 numquam
474 1196 573 1259 habet
584 1208 642 1259 aut
654 1197 687 1258 in
700 1218 793 1260 versu
806 1197 908 1259 autin
921 1216 1025 1277 prosa.
1066 1197 1156 1260 Adde
1168 1196 1213 1259 illi
1225 1197 1487 1275 coniunctionem,

186 1303 224 1357 et
232 1295 321 1358 vides
330 1296 479 1375 quoniam
487 1296 574 1376 prior
582 1296 703 1376 syllaba
711 1298 821 1377 perdet
830 1306 1094 1376 accentum,puta
1105 1296 1288 1377 ‘doctusque
1297 1296 1487 1360 Palaemon’.

188 1395 260 1456 Iam
272 1394 383 1476 incipit
396 1416 460 1458 non
472 1396 505 1457 in
517 1398 570 1459 doc
582 1416 648 1459 esse
660 1406 819 1474 accentus,
831 1398 886 1460 sed
898 1397 931 1458 in
943 1405 1006 1470 tus;
1018 1416 1089 1460 ecce
1101 1395 1213 1460 ultima
1225 1395 1345 1476 syllaba
1357 1397 1487 1460 habebit

188 1505 365 1559 accentum.
406 1497 449 1558 Et
466 1515 547 1576 quae
562 1506 637 1558 sunt
652 1507 758 1576 partes
774 1517 855 1576 quae
870 1497 997 1560 additae
1012 1506 1218 1576 corrumpunt
1233 1496 1373 1577 regulas?
1412 1498 1487 1560 Non

187 1594 274 1657 enirn
292 1615 401 1658 omnes
418 1605 635 1675 corrumpunt,
654 1597 708 1659 sed
727 1609 802 1659 sunt
819 1607 926 1677 partes
944 1617 1025 1676 quae
1042 1597 1173 1659 additae
1190 1607 1403 1676 corrtnnpunt.
1445 1598 1486 1660 Et

188 1704 265 1757 sunt
285 1694 378 1758 istae:
399 1682 447 1772 ric,
469 1696 597 1774 quando
617 1705 674 1758 est·
686 1697 877 1773 coniunctio,
898 1716 969 1759 ecce
990 1696 1087 1759 hahes
1107 1717 1216 1773 unam,
1237 1718 1278 1773 oe,
1299 1717 1370 1760 ecce
1390 1697 1488 1760 habes

187 1794 282 1870 duas;
297 1816 363 1875 qut,
379 1814 450 1858 ecce
465 1795 563 1859 habes
579 1805 656 1871 tres;
672 1782 713 1871 co,
730 1816 800 1859 ecce
816 1796 913 1859 habes
929 1806 1089 1877 quattuor.
1132 1798 1217 1859 Istae
1232 1807 1307 1859 sunt
1323 1816 1405 1876 quae
1421 1816 1487 1859 cor-

188 1904 343 1974 rumpunt
368 1894 490 1975 regulas
515 1905 713 1965 accentuum.
755 1898 837 1959 Puta
865 1897 993 1976 primm,
1021 1897 1102 1959 adde
1128 1916 1237 1958 omnes
1262 1897 1341 1960 istas
1366 1908 1486 1976 partes:

188 1995 356 2072 primurm,
376 2014 447 2058 ecce
465 2015 530 2057 non
547 1996 678 2058 habebit
695 1995 760 2057 iam
778 2008 944 2059 accentum
963 1997 1024 2076 pri,
1044 1997 1098 2058 sed
1116 2016 1194 2072 mro,
1213 2016 1284 2059 ecce
1302 1996 1487 2076 corrumpit;

188 2103 223 2157 et
238 2094 265 2156 si
280 2093 366 2156 dicas
381 2096 541 2173 primusve,
557 2115 628 2158 ecce
643 2095 828 2175 corrumpit;
843 2098 1028 2177 primamque,
1044 2097 1203 2175 primasca,
1218 2115 1289 2159 ecce
1304 2097 1486 2175 corrumpit.

189 2194 251 2256 Sed
264 2192 346 2257 iorte
358 2193 445 2257 dicas
458 2194 535 2257 mihi
550 2195 613 2257 ‘sed
627 2195 742 2275 positio
755 2196 938 2277 corrumpit,
952 2216 1015 2259 non
1027 2216 1169 2259 accessus
1181 2197 1313 2258 istarum
1325 2197 1474 2275 partium'

188 2293 297 2355 Etiam
323 2294 350 2355 si
373 2293 490 2374 positio
513 2315 579 2357 non
603 2296 774 2371 accederet,
800 2305 907 2358 tamen
932 2307 1180 2376 corrumperetur
1204 2304 1362 2359 accentus.
1403 2296 1486 2358 Puta

190 2394 230 2454 M
230 2396 298 2468 uso,
313 2396 367 2455 mu
380 2394 478 2457 habet
493 2404 670 2471 accentum3
686 2396 768 2458 adde
783 2395 827 2457 illi
842 2394 921 2458 istas
935 2407 1051 2475 partes,
1067 2406 1100 2459 et
1115 2396 1334 2477 corrumpitur,
1350 2397 1390 2457 M
1390 2402 1486 2458 usone

189 2493 318 2555 Musaue
329 2495 481 2574 Musaque
491 2495 631 2557 Musdoe:
642 2514 713 2558 ecce
723 2495 776 2558 illa
787 2515 868 2574 quae
878 2506 927 2558 est
937 2496 1041 2559 brevis
1052 2495 1164 2559 ultima
1180 2496 1249 2576 ipsa
1265 2495 1362 2558 habet
1378 2515 1486 2558 accen-

189 2601 270 2655 tum.
311 2594 355 2654 Et
369 2593 504 2656 diximus
518 2595 603 2674 quia,
618 2595 744 2674 quando
758 2595 954 2675 paenultima
968 2595 1071 2659 brevis
1084 2595 1190 2671 fuerit,
1205 2605 1281 2657 tunc
1291 2594 1415 2658 tertiaa
1426 2596 1487 2657 fine

188 2691 320 2755 habebit
338 2702 516 2770 accentum;
534 2704 567 2756 et
586 2705 693 2757 tamen
715 2715 786 2758 ecce
805 2706 984 2775 corruptam
1007 2696 1194 2758 invenimus.
1235 2696 1316 2757 Ecce
1335 2694 1433 2771 vides,
1454 2695 1487 2756 in

189 2803 345 2871 quantum
364 2792 492 2856 valeant
505 2793 584 2857 istae
601 2794 784 2874 particulae,
803 2795 837 2857 in
848 2806 1010 2875 quantum
1029 2796 1152 2875 possint
1168 2806 1215 2871 ut,
1234 2795 1330 2857 etiam
1343 2795 1448 2856 brevis
1461 2795 1488 2856 si

188 2893 242 2966 sit,
255 2892 288 2954 id
301 2902 349 2955 est
362 2892 483 2972 syllaba
496 2913 577 2972 quae
589 2893 776 2957 naturaliter
787 2894 892 2957 brevis
904 2905 952 2958 est
966 2905 1094 2975 cogatur
1107 2895 1222 2958 habere
1233 2903 1410 2970 accentum,
1421 2914 1486 2956 non

188 2990 385 3069 naturaliter,
396 2993 451 3055 sed
461 3012 556 3056 causa
565 2993 708 3056 istarum.
749 2995 834 3057 Nam
851 3015 921 3057 ecce
937 2996 976 3056 M
976 3015 1043 3071 uso,
1054 2993 1106 3057 illa
1117 2994 1237 3074 syllaba
1247 3013 1328 3074 quae
1340 2995 1426 3074 prior
1438 3004 1487 3057 est

188 3091 258 3171 ipsa
270 3091 367 3154 habet
380 3103 554 3155 accentum.
590 3094 622 3156 si
634 3095 798 3175 addasque
808 3105 865 3157 aut
878 3115 919 3169 ve,
933 3095 959 3156 si
971 3095 1058 3158 dicas
1068 3096 1219 3175 Musaque
1229 3096 1268 3157 M
1268 3101 1366 3170 usone,
1378 3094 1487 3157 ubiubi

188 3190 366 3271 contigerit,
377 3191 446 3272 ipsa
456 3191 569 3255 ultima
580 3193 677 3257 habet
687 3204 863 3258 accentum.

230 3290 398 3370 Pompeius
410 3312 442 3373 p.
460 3293 526 3369 132,
543 3294 557 3354 l
574 3294 615 3354 K.

188 3389 951 3473 Quodsiviscodicemdistinguereitadistingue.
992 3394 1314 3472 Quandovisacutum
1322 3404 1485 3468 accentum

188 3489 301 3566 iacere,
315 3489 429 3553 lineam
445 3511 465 3553 a
480 3492 606 3555 sinistra
619 3503 710 3572 parte
725 3494 758 3555 in
773 3494 932 3557 dexteram
947 3504 1070 3574 partem
1086 3514 1207 3557 sursum
1223 3492 1344 3569 ducito;
1359 3493 1486 3573 quando

188 3589 239 3651 vis
254 3609 391 3670 gravem,
409 3610 429 3653 a
444 3611 567 3654 summa
576 3592 701 3656 sinistra
715 3594 748 3655 in
763 3594 923 3656 dexteram
938 3594 1131 3670 descendito;
1142 3594 1286 3674 quotiens
1295 3593 1344 3655 vis
1357 3593 1486 3655 circum-

188 3689 314 3766 flexum,
331 3691 370 3753 de
386 3691 476 3770 gravi
492 3701 526 3754 et
542 3692 582 3754 de
598 3702 692 3755 acuto
709 3694 772 3770 iac;
790 3692 935 3773 quotiens
952 3693 1001 3754 vis
1017 3693 1253 3774 longam—hoc
1265 3693 1411 3756 adiacens
1423 3693 1486 3767 lac;

187 3789 334 3868 quotiens
346 3789 394 3853 vis
405 3790 542 3869 brevem,
553 3834 593 3859 ψ
605 3792 664 3855 hoc
674 3793 820 3856 adiacens
831 3793 891 3855 iac.
925 3792 984 3854 His
995 3794 1088 3856 rebus
1101 3794 1244 3856 tractatis
1256 3802 1423 3877 supersunt
1434 3791 1488 3856 alii

187 3898 336 3951 accentus
349 3901 423 3966 tres,
436 3891 565 3971 hyphen
577 3893 785 3974 apostrophos
798 3892 939 3955 diastole.
981 3894 1040 3956 Isti
1053 3903 1202 3957 accentus
1214 3893 1291 3973 quid
1303 3895 1485 3972 praestant?

188 3988 326 4069 Hyphen
346 3989 489 4067 dicimus,
509 3992 636 4071 quando
656 3992 719 4054 duo
738 3992 836 4055 verba
854 3992 1082 4071 coniungimus,
1101 4014 1141 4056 ne
1160 4004 1243 4057 erret
1260 4013 1338 4073 puer
1354 4003 1387 4055 et
1406 3991 1486 4055 male

185 4088 382 4168 pronuntiet,
404 4101 441 4153 ut
463 4091 491 4153 si
510 4091 644 4154 dicimus
667 4091 827 4155 ‘antetulit
848 4094 1008 4172 gressrun3'
1030 4114 1072 4156 ne
1093 4092 1178 4156 dicat
1201 4089 1286 4156 ‘ante
1308 4091 1402 4154 tulit'.
1444 4093 1487 4154 Et

186 4207 251 4266 quo
276 4190 369 4251 modo
393 4190 550 4270 iungitur?
591 4191 750 4270 Syllabam
775 4192 921 4254 ultimam
945 4194 1160 4272 praecedentis
1185 4193 1283 4268 verbi,
1307 4191 1488 4272 posterioris

186 4298 369 4367 sequentem
381 4290 521 4354 subiecta
533 4291 654 4371 virgula
665 4292 850 4368 circumdas,
863 4294 947 4354 ‘ante
957 4334 997 4359 ψ
1006 4292 1080 4355 tulit
1088 4294 1252 4373 gressum’;
1263 4301 1289 4354 te
1300 4337 1338 4359 υ
1348 4301 1391 4367 tu,
1402 4292 1487 4371 ipsas

187 4387 266 4450 istas
283 4388 423 4452 subiecta
439 4390 500 4453 ista
517 4391 636 4470 virgula
654 4392 837 4454 circumdas.
879 4392 922 4454 Et
938 4392 1053 4455 dicitur
1070 4393 1207 4473 hyphen,
1229 4394 1304 4473 quia
1325 4392 1487 4471 coniungit

188 4487 235 4549 sic
247 4487 334 4550 istas.

229 4587 371 4650 Diastole
395 4587 555 4668 disiungit.
597 4591 642 4652 Ut
666 4590 693 4652 si
716 4591 802 4654 dicas
828 4590 992 4671 ‘viridique
1015 4591 1049 4654 in
1073 4592 1165 4655 litore'
1187 4593 1388 4672 conspicitur,
1413 4593 1486 4655 sus’.

188 4687 239 4748 Ne
255 4697 336 4750 erret
352 4707 430 4768 puer
446 4698 478 4750 et
494 4689 581 4752 dicat
599 4690 763 4771 ‘conspicit
779 4691 890 4767 ursus,'
904 4692 945 4754 ad
958 4693 1052 4753 istam
1066 4701 1115 4754 tur
1130 4687 1302 4769 addimus),
1315 4693 1347 4755 id
1364 4702 1413 4755 est
1429 4691 1487 4754 cir·

189 4786 373 4850 cumflexam
389 4787 553 4867 virgulam,
568 4800 601 4851 et
616 4789 662 4852 ita
676 4790 893 4870 disiungimus.

229 4886 287 4949 Est
297 4887 393 4949 etiam
404 4889 621 4968 apostrophos.
663 4890 756 4969 Apud
766 4891 898 4953 Latinos
908 4910 972 4953 non
983 4890 1073 4953 facile
1083 4891 1117 4952 in
1127 4891 1307 4954 nominibus
1318 4892 1487 4963 invenitur,
