3942 6130
484 779 503 841 8
806 843 819 869 ⁰
943 781 1051 860 Jnms
1072 780 1103 845 S.
1124 781 1322 853 McLarrona

483 978 522 1042 de
543 978 652 1060 primis
674 978 801 1058 syllabis
823 981 855 1041 in
877 990 1061 1060 postremas,
1082 990 1207 1060 praeter
1234 981 1404 1061 particulas
1432 936 1630 1060 coniunctas,¹
1649 1002 1785 1063 quarum

484 1078 543 1140 hoc
566 1079 727 1159 proprium
750 1089 799 1142 est
823 1099 932 1142 acuere
957 1089 1063 1160 partes
1086 1091 1241 1144 extremas
1265 1101 1380 1144 vocum
1404 1082 1518 1161 quibus
1541 1080 1782 1164 adiunguntur.)

485 1180 517 1241 It
534 1180 561 1241 is
577 1180 787 1260 note-worthy
805 1181 887 1256 that,
903 1180 1056 1261 although
1073 1180 1121 1243 his
1139 1181 1204 1243 rule
1221 1200 1320 1244 seems
1338 1191 1372 1245 to
1388 1182 1487 1262 apply
1504 1192 1539 1245 to
1555 1183 1598 1245 all
1615 1183 1726 1261 words,
1743 1182 1784 1245 he

486 1279 563 1342 cites
577 1298 618 1341 no
633 1278 710 1342 such
723 1279 865 1360 example
879 1298 915 1342 as

1059 1383 1235 1457 Aoo

1064 1481 1221 1561 Musaque

525 1686 585 1747 For
594 1682 879 1764 otherpassagesol
888 1682 986 1745 Varro
995 1682 1059 1744 and
1068 1681 1121 1746 the
1131 1682 1345 1746 discussiones
1353 1682 1402 1745 his
1411 1683 1543 1746 relation
1559 1693 1593 1745 to
1609 1684 1663 1747 the
1678 1704 1789 1748 acoen-

487 1785 554 1849 tual
568 1784 675 1846 fiction
690 1782 870 1845 mentioned
885 1783 983 1845 under
998 1782 1117 1858 Cioero,
1132 1801 1182 1845 see
1198 1781 1374 1863 FitzHugh‚
1389 1783 1424 1845 L.
1442 1785 1472 1847 S.
1487 1804 1541 1863 pp.
1559 1786 1667 1861 39-46,
1685 1785 1786 1848 where

486 1905 531 1949 we
545 1884 625 1946 have
639 1902 659 1945 a
672 1882 729 1945 full
741 1882 944 1962 explanation
957 1881 990 1944 of
1003 1881 1056 1946 the
1071 1882 1161 1944 mode
1175 1882 1219 1961 by
1231 1881 1332 1946 which
1346 1881 1400 1946 the
1415 1883 1518 1947 Greek
1531 1884 1661 1946 musical
1675 1885 1788 1965 theory

487 2004 550 2048 was
561 1983 684 2066 grafted
694 2003 736 2045 on
748 1992 782 2046 to
794 1981 847 2045 the
859 1983 966 2045 native
978 1982 1115 2063 tripudio
1126 1982 1238 2062 theory
1249 1982 1282 2044 of
1294 1983 1347 2044 the
1358 1984 1509 2046 Romans.

238 2097 367 2146 vitruvius:
527 2086 578 2147 De
595 2082 714 2146 Archit.
733 2083 771 2159 V,
790 2085 819 2159 3,
838 2084 870 2158 6;
889 2081 917 2145 7.
1099 2146 1104 2159 ,

239 2179 464 2280 fflfmm‘
489 2187 558 2250 Vox
568 2193 677 2247 autem
687 2193 736 2246 est
748 2182 877 2263 spiritus
888 2182 988 2245 fluens
999 2182 1088 2258 aeris,
1102 2191 1192 2245 tactu
1203 2181 1358 2245 sensibilis
1368 2183 1482 2245 auditu
1485 2231 1697 2246 .....
1725 2203 1789 2246 vox

480 2282 522 2349 'et
538 2285 570 2346 in
586 2283 755 2347 latitudine
771 2282 971 2363 progreditur
986 2292 1019 2345 et
1035 2282 1238 2345 altitudinem
1254 2282 1413 2363 gradatim
1429 2283 1566 2346 scandit.

530 2387 579 2447 De
592 2382 711 2446 Archit.
726 2383 764 2459 V,
777 2385 807 2459 4,
821 2385 849 2445 2.
866 2380 916 2459 (ex
929 2382 1105 2445 Aristoxeni
1117 2378 1303 2462 scripturis.)

490 2488 557 2549 Vox
571 2483 656 2546 enim
670 2482 901 2545 mutationibus
915 2502 988 2545 cum
1003 2481 1140 2545 flectitur
1160 2482 1239 2549 alias
1260 2482 1297 2544 fit
1317 2492 1413 2545 acuta
1427 2482 1506 2545 alias
1520 2483 1636 2562 gravis,
1652 2484 1791 2546 duobus·

435 2568 439 2575 ⁴
490 2605 549 2665 que
560 2584 661 2645 modis
670 2594 825 2659 movetur,
835 2604 852 2645 e
862 2583 977 2662 quibus
986 2602 1068 2645 unus
1076 2583 1208 2645 efiectus
1217 2581 1313 2644 habet
1322 2583 1525 2645 continuatos
1533 2583 1614 2645 alter
1623 2583 1789 2646 distantes.

490 2684 685 2748 Continuata
698 2702 761 2744 vox
772 2702 873 2762 neque
887 2683 920 2745 in
934 2681 1128 2745 finitionibus
1141 2681 1285 2745 consistit
1298 2701 1399 2761 neque
1414 2682 1446 2744 in
1459 2683 1528 2745 loco
1542 2682 1616 2760 ullo,
1629 2683 1790 2764 efficitque

490 2783 725 2848 terminationes
749 2802 813 2844 non
837 2791 1036 2862 apparentes,
1062 2782 1227 2844 intervalia
1251 2792 1361 2845 autem
1385 2781 1489 2845 media
1519 2783 1716 2862 apparentia,
1742 2783 1792 2846 uti

490 2902 630 2948 sermone
646 2902 718 2945 cum
733 2882 875 2945 dicamus
890 2883 944 2959 sol,
960 2883 1024 2957 lux,
1036 2880 1105 2959 fios,
1121 2901 1184 2944 vox.
1226 2883 1320 2944 Nunc
1335 2882 1420 2944 enim
1435 2901 1493 2945 nec
1508 2882 1591 2945 unde
1607 2882 1718 2962 incipit
1732 2902 1791 2945 nec

490 2985 545 3048 ubi
560 2983 674 3047 desinit
690 2982 889 3062 intellegitur,
905 3001 963 3044 nec
979 3000 1059 3061 quae
1074 2991 1222 3044 exacuta
1237 2980 1324 3045 facta
1339 2992 1388 3045 est
1402 2982 1517 3062 gravis,
1533 3002 1572 3044 ex
1583 2983 1673 3062 gravi
1684 2992 1791 3059 acum,

489 3081 622 3166 apparet
635 3082 773 3145 auribus.
815 3084 874 3144 Per
886 3081 1073 3144 distantiam
1085 3091 1194 3144 autem
1206 3101 1224 3143 e
1238 3081 1404 3144 contraria.
1447 3083 1594 3161 Namque
1608 3102 1681 3145 cum
1693 3081 1792 3145 flecti·

491 3196 553 3261 tur,
574 3183 607 3245 in
628 3183 803 3245 mutatione
824 3202 886 3244 vox
905 3182 1021 3244 statuit
1041 3201 1073 3244 se
1090 3181 1123 3243 in
1139 3180 1271 3244 alicuius
1287 3181 1409 3267 sonitus
1426 3181 1611 3258 finitionem,
1629 3182 1741 3245 deinde
1758 3182 1792 3245 in

490 3283 628 3361 alterius,
646 3291 679 3345 et
696 3282 728 3344 id
746 3283 829 3345 ultro
846 3283 925 3344 citro
942 3281 1048 3343 crebre
1064 3280 1208 3343 faciendo
1225 3281 1407 3343 inconstans
1423 3292 1556 3361 apparet
1573 3282 1726 3359 sensibus,
1743 3283 1793 3345 uti

491 3386 524 3447 in
545 3382 754 3459 cantionibus,
777 3401 850 3444 cum
870 3380 1032 3444 flectentes
1054 3400 1164 3443 vocem
1186 3381 1374 3443 varietatem
1401 3381 1535 3445 iacimus
1557 3382 1791 3445 modulationis.

492 3486 606 3563 Itaque
626 3481 798 3544 intervallis
816 3500 855 3543 ea
874 3500 947 3543 cum
967 3490 1121 3556 versatur,
1140 3490 1174 3543 et
1194 3481 1276 3542 unde
1297 3480 1423 3543 initium
1445 3480 1521 3544 fecit
1546 3492 1580 3545 et
1607 3482 1663 3544 ubi
1688 3481 1792 3558 desiit,

491 3591 624 3663 apparet
638 3582 670 3642 in
685 3601 833 3643 sonorum
846 3580 1031 3660 patentibus
1045 3580 1253 3644 finitionibus:
1268 3581 1413 3643 mediana
1427 3590 1536 3644 autem
1550 3582 1684 3644 latentia
1698 3582 1794 3645 inter·

492 3683 583 3747 vallis
592 3682 809 3744 obscurantur,

243 3802 441 3854 maumam:
532 3782 671 3847 Rutilius
685 3783 794 3861 Lupus
810 3781 855 3858 II,
873 3782 919 3843 142
1602 3848 1605 3853 g

243 3887 372 3935 alnam
412 3884 470 3978 '¹²3
496 3885 711 3958 ‘Onorlhwroa
753 3881 823 3943 Hoc
848 3880 951 3943 minus
975 3880 1104 3942 evidens
1127 3889 1186 3955 est,
1211 3897 1308 3959 quam
1331 3880 1474 3960 superius
1501 3877 1556 3956 (sc,
1581 3878 1793 3957 ὁμοιόπτωτον)

242 3940 468 4034 ‘dssrfi‘ll‘sffi
493 3995 527 4048 et
539 3984 692 4045 minorem
703 3982 796 4044 afiert
807 3980 937 4043 auribus
949 3979 1187 4066 iucunditatem.
1229 3980 1315 4043 Nam
1326 3999 1428 4059 neque
1441 3990 1509 4042 tam
1521 3980 1610 4059 paria
1622 3981 1686 4043 duo
1698 3980 1796 4043 verba

492 4093 576 4159 sunt,
590 4103 690 4162 neque
704 4082 840 4177 eundem
853 4079 972 4143 habent
986 4099 1093 4142 casum
1106 4089 1139 4141 et
1153 4098 1266 4141 sonum
1279 4079 1374 4155 vocis,
1389 4098 1487 4159 quam
1501 4079 1613 4143 Graeci
1625 4081 1794 4161 prosodian

243 4272 470 4368 m&
492 4184 701 4345 apillllllon
713 4281 800 4360 apud
810 4280 1030 4358 Charisiump.
1044 4280 1111 4355 189,
1125 4278 1420 4341 ron=ntomeaes
1428 4298 1461 4358 p.
1469 4277 1538 4356 407,
1548 4278 1795 4342 19K.=scioeu

244 4412 272 4457 a.
280 4410 354 4454 asro.
492 4382 621 4445 CXLIb.

492 4484 574 4544 Item
586 4502 625 4544 ex
634 4479 928 4560 praepositionibus,
942 4496 1022 4558 quae
1035 4486 1160 4539 mutato
1174 4486 1307 4540 accentu
1323 4477 1356 4539 in
1370 4477 1521 4540 adverbia
1533 4477 1797 4556 recedunt,·haec:

491 4578 585 4662 infra,
608 4581 691 4661 infra
713 4588 783 4652 stoa
805 4583 908 4658 supro,
932 4585 1026 4657 supra
1048 4585 1119 4652 stat·
1141 4582 1231 4653 exero,
1255 4582 1337 4640 extro
1358 4585 1430 4652 stoa·
1451 4578 1542 4655 intro,
1565 4585 1648 4641 intro
1669 4578 1798 4652 sedebat

491 4682 581 4757 ulad,
596 4681 676 4743 altra
688 4679 890 4760 transactam
903 4678 988 4754 citro,
1003 4681 1079 4741 ctera
1092 4677 1246 4749 discurri&
1260 4677 1348 4753 caca,
1364 4684 1444 4740 caca
1463 4677 1588 4759 equita·
1600 4677 1697 4754 aaa,
1711 4684 1798 4743 tuno

486 4782 574 4862 sarit,
589 4780 623 4843 id
636 4789 685 4843 est
697 4778 849 4853 similatam·
863 4782 973 4854 cosdro,
987 4784 1090 4840 cmm
1107 4776 1213 4849 madia
1228 4777 1340 4854 suaa,
1357 4777 1460 4839 sabaa
1475 4785 1551 4851 eron
1571 4785 1680 4853 emota,
1696 4783 1798 4840 coram

493 4883 579 4958 stetit,
595 4880 627 4942 id
637 4888 686 4942 est
701 4881 817 4958 polam·
831 4883 909 4954 ame,
925 4883 993 4939 onte
1007 4877 1097 4950 veum
1112 4883 1189 4954 post,
1205 4884 1272 4955 post
1284 4876 1374 4949 sede&
1390 4882 1492 4955 prope,
1505 4884 1600 4956 prope
1612 4876 1725 4952 mida
1738 4877 1800 4939 hoc
