3942 6130
522 734 561 796 56
980 739 1087 817 ers
1108 740 1138 803 S.
1161 740 1359 804 McLauoas

280 947 390 993 onnon:
522 934 731 1014 antiquissimi
745 936 886 1005 similiter
900 946 937 999 ut
950 938 1056 1000 Latini
1071 939 1104 1000 in
1117 960 1209 1002 versu
1223 940 1415 1003 scribebant:
1429 961 1513 1005 nunc
1523 951 1631 1005 autem
1644 943 1820 1006 diviserunt

272 1031 496 1136 fflffilffl
520 1044 553 1097 et
568 1035 710 1097 dextram
724 1035 790 1098 eius
802 1047 925 1117 partem
941 1058 1034 1117 supra
1048 1038 1170 1101 literam
1184 1050 1337 1119 ponentes
1348 1027 1442 1121 psiles
1456 1052 1566 1104 notam
1580 1042 1710 1119 habent,
1725 1062 1823 1122 quam

274 1133 314 1177 ⁵⁸³
323 1136 425 1184 “⁰²⁸⁰-
522 1135 683 1197 Remmius
699 1135 869 1198 Palaemon
885 1137 1005 1214 exilem,
1023 1138 1150 1201 Grillius
1165 1160 1241 1202 vero
1257 1140 1298 1202 ad
1315 1140 1477 1221 Virgilium
1495 1143 1535 1204 de
1550 1142 1732 1205 accentibus
1747 1144 1824 1205 scri-

521 1234 597 1297 bens
609 1234 709 1298 levem
721 1236 875 1312 nominat,
888 1237 1045 1301 sinistram
1059 1248 1164 1301 autern
1177 1240 1351 1303 contrariae
1363 1241 1572 1321 aspirationis,
1585 1261 1680 1321 quam
1694 1241 1824 1306 Grillius

518 1334 647 1397 flatilem
661 1345 765 1398 vocat.

559 1435 739 1498 Martianus
750 1435 880 1516 Capella
892 1436 987 1517 111p.
1000 1436 1049 1513 57,
1062 1435 1098 1499 27
1111 1439 1202 1517 Eyss.

518 1535 589 1596 Hae
607 1544 713 1597 tamen
734 1532 789 1611 (sc.
808 1532 944 1612 vocales)
965 1537 998 1598 in
1014 1537 1107 1599 Latio
1125 1558 1209 1601 nunc
1224 1538 1357 1619 produci
1373 1559 1456 1602 nunc
1475 1540 1629 1616 contrabi,
1647 1560 1732 1603 nunc
1749 1541 1824 1604 acui

519 1654 603 1697 nunc
625 1636 750 1714 gravari
773 1636 824 1698 vel
847 1636 943 1698 etiam
967 1636 1177 1714 circumflecti,
1201 1658 1286 1702 nunc
1309 1639 1468 1720 aggregari
1491 1660 1576 1703 nunc
1599 1640 1732 1704 distrahi
1754 1640 1824 1703 sine

520 1733 640 1796 iactura
653 1734 701 1798 sui
713 1734 848 1797 nominis
859 1745 1001 1816 possunt.
1045 1784 1052 1797 .
1095 1785 1102 1799 .
1146 1785 1153 1799 .
1196 1786 1203 1800 .
1258 1734 1302 1818 (p.
1314 1739 1362 1815 58,
1375 1739 1412 1800 22
1426 1736 1531 1819 Eyss.)
1543 1741 1690 1803 Eautem
1703 1740 1824 1803 vocalis

520 1834 653 1896 duarum
682 1834 871 1898 Graecarum
899 1835 1074 1899 litterarum
1103 1837 1169 1900 vim
1196 1838 1345 1917 possidet.
1392 1841 1477 1911 Nam
1508 1859 1580 1902 cum
1611 1839 1779 1920 corripitur
1809 1865 1825 1903 ε

522 1933 675 1996 Graecum
685 1944 734 1998 est
743 1937 828 1998 utel>
839 1936 1296 2017 hochosb,cumproduciturn
1308 1947 1405 2001 estut
1417 1940 1454 2001 ab
1465 1938 1519 2000 aar
1531 1940 1589 2001 die.
1630 1940 1676 2002 Ac
1685 1940 1824 2002 maxime

522 2044 598 2096 tunc
612 2034 842 2097 circumflexum
858 2045 1021 2098 accentum
1037 2045 1133 2099 tenet.

561 2134 742 2197 Martianus
753 2134 882 2215 Capella
894 2135 946 2196 III
957 2155 989 2214 p.
1002 2137 1051 2212 64,
1064 2138 1102 2197 29
1114 2137 1204 2217 Eyss.

523 2234 649 2314 Syllaba
667 2234 762 2314 igitur
780 2235 867 2297 dicta
884 2244 943 2311 est,
963 2235 1047 2314 quod
1066 2235 1180 2298 iunctis
1198 2236 1311 2300 litteris
1329 2237 1466 2299 sonitum
1485 2236 1579 2300 simul
1596 2237 1824 2317 accipientibus

523 2334 715 2397 informetur.
758 2334 855 2397 Cuius
869 2345 908 2397 ut
922 2334 987 2397 dixi
1001 2344 1065 2398 tres
1078 2346 1185 2416 partes
1200 2356 1266 2398 esse
1280 2357 1344 2398 non
1360 2336 1491 2399 dubium
1506 2347 1568 2400 est:
1608 2337 1648 2400 de
1662 2337 1822 2413 iunctura,

522 2435 561 2496 de
574 2433 711 2514 fastigio,
727 2430 803 2510 [aut]
818 2435 857 2497 de
871 2433 1127 2514 longitudinibus.

561 2532 742 2625 Martianus
755 2533 884 2615 Capella
897 2535 949 2595 III
962 2555 994 2614 p.
1009 2536 1058 2609 65,
1075 2536 1110 2597 15
1124 2536 1215 2615 Eyss.

521 2635 592 2697 Hac
619 2644 710 2698 tenus
737 2634 777 2696 de
803 2634 964 2697 iuncturis.
1005 2635 1100 2696 Nunc
1119 2636 1160 2697 de
1184 2634 1310 2714 fastigio
1330 2635 1503 2698 videamus.
1545 2635 1607 2713 Qui
1627 2635 1713 2697 locus
1734 2637 1822 2715 apud

522 2734 658 2797 Graecos
678 2740 745 2808 περὶ
767 2741 936 2813 προσῳδιῶν
956 2733 1141 2814 appellatur.
1181 2734 1244 2797 Hic
1263 2734 1295 2796 in
1317 2734 1378 2796 tria
1397 2735 1592 2798 discernitur.
1633 2737 1706 2798 Una
1727 2754 1823 2814 quae

523 2854 583 2913 qne
597 2834 679 2897 enim
695 2832 815 2913 syllaba
829 2843 886 2895 aut
899 2833 1004 2913 gravis
1016 2843 1065 2896 est
1079 2843 1135 2895 aut
1149 2844 1243 2896 acuta
1257 2843 1314 2896 aut
1328 2834 1525 2898 circumflexa
1538 2844 1571 2897 et
1584 2844 1622 2897 ut
1635 2834 1723 2897 nulla
1738 2831 1821 2911 [vox]

522 2934 587 2997 sine
599 2933 701 2996 vocali
712 2944 761 2996 est
772 2934 818 2995 ita
830 2934 896 2996 sine
907 2942 1038 2996 accentu
1050 2932 1145 2996 nulla.
1167 3012 1170 3019 Ι

561 3035 605 3096 Et
616 3043 665 3096 est
676 3043 833 3109 accentus,
845 3043 883 3095 ut
896 3032 1024 3112 quidam
1035 3043 1238 3112 putaverunt,
1251 3033 1358 3096 anima
1370 3033 1457 3096 vocis
1468 3043 1501 3097 et
1513 3033 1715 3096 seminarium
1726 3034 1822 3096 musi-

522 3154 583 3209 ces,
607 3133 691 3212 quod
713 3133 815 3195 omnis
836 3132 1010 3195 modulatio
1032 3153 1069 3194 ex
1090 3132 1224 3211 fastigiis
1244 3152 1359 3195 vocum
1381 3132 1600 3213 gravitateque
1621 3133 1822 3214 componitur

522 3234 655 3313 ideoque
678 3242 826 3296 accentus
850 3231 940 3312 quasi
964 3232 1117 3295 adcantus
1140 3233 1245 3295 dictus
1269 3242 1326 3294 est.
1367 3233 1477 3295 Omnis
1500 3233 1597 3313 igitur
1620 3252 1681 3295 vox
1706 3232 1821 3295 Latina

521 3333 653 3414 simplex
668 3333 734 3396 sive
749 3328 923 3413 composita
937 3332 1035 3394 habet
1049 3352 1147 3395 unum
1163 3351 1275 3394 sonum
1290 3342 1345 3394 aut
1361 3342 1490 3395 acutum
1506 3342 1563 3394 aut
1578 3331 1820 3395 circumflexum.

522 3435 612 3496 Duos
623 3442 730 3496 autem
743 3442 853 3495 acutos
864 3441 921 3494 aut
933 3431 1061 3494 inflexos
1072 3432 1187 3494 habere
1197 3450 1370 3510 numquam
1382 3442 1499 3512 potest,
1512 3432 1617 3512 gravis
1628 3451 1704 3494 vero
1716 3451 1819 3511 saepe.

522 3534 659 3595 Acutum
678 3532 775 3594 nabet
793 3533 826 3594 in
843 3532 946 3612 pana
965 3530 1085 3611 synna
1105 3532 1131 3593 st
1149 3531 1235 3593 neas
1252 3532 1376 3594 cortus
1395 3531 1428 3592 tn
1447 3506 1584 3594 niusa
1602 3531 1769 3594 suranna
1788 3532 1821 3593 tn

524 3632 617 3695 tertia
626 3634 795 3708 Curiatius,
806 3632 952 3693 inflexum
963 3631 1039 3693 item
1050 3631 1082 3692 in
1091 3631 1194 3711 prima
1205 3630 1231 3693 si
1240 3631 1327 3693 dicas
1336 3633 1459 3707 caaum,
1471 3630 1592 3710 syllaba
1602 3642 1710 3693 autem
1720 3650 1821 3711 paene

522 3732 635 3795 ultima
650 3750 821 3810 numquam
838 3731 961 3793 acuitur
975 3740 1089 3793 natura
1104 3730 1174 3810 ipsa
1185 3731 1240 3794 sed
1254 3731 1442 3810 praecedens
1458 3730 1524 3793 eius
1539 3730 1572 3792 id
1587 3740 1636 3793 est
1651 3730 1694 3792 ab
1708 3730 1822 3792 ultima

523 3833 617 3895 tertia
637 3832 702 3895 sive
722 3831 824 3894 brevis
843 3830 909 3894 sive
928 3830 1020 3910 longa
1040 3830 1091 3906 sit,
1105 3839 1149 3891 ut
1167 3831 1270 3893 Cicero
1288 3831 1420 3892 Caelites.
1468 3830 1580 3893 Fletus
1598 3839 1707 3892 autem
1726 3849 1822 3892 sonus

523 3933 556 3993 in
566 3951 603 3995 ea
614 3941 739 3994 tanturn
750 3931 844 3993 modo
855 3929 975 4010 syllaba
985 3929 1128 3993 consistit
1139 3948 1220 4008 quae
1229 3930 1388 4008 praecedit
1397 3928 1542 3992 ultimam
1553 3949 1612 3992 uec
1623 3929 1714 3992 aliter
1725 3948 1820 4008 quam

523 4042 561 4094 ut
577 4032 646 4112 ipsa
663 4043 777 4094 natura
794 4029 886 4111 longa
904 4030 945 4092 sit
962 4040 995 4092 et
1011 4029 1124 4091 ultima
1142 4037 1248 4091 tamen
1265 4029 1369 4091 brevis
1386 4037 1424 4091 ut
1439 4030 1581 4099 Galenus.
1623 4030 1667 4090 At
1684 4029 1713 4090 si
1729 4028 1821 4107 longa

523 4132 646 4207 ultima,
658 4141 716 4193 aut
727 4131 753 4193 si
763 4149 863 4211 paene
874 4129 986 4192 ultima
997 4129 1152 4208 positione
1163 4128 1255 4208 longa
1267 4128 1340 4191 lieet
1350 4128 1464 4191 ultima
1475 4128 1579 4191 brevis
1590 4138 1704 4190 acutus
1715 4137 1821 4190 tamen

523 4252 618 4294 sonus
636 4230 690 4293 fiet
706 4231 815 4293 Galtni
831 4230 965 4293 Camilli.
1013 4228 1123 4290 Inflexi
1138 4228 1299 4308 proprium
1317 4228 1377 4289 hoc
1394 4237 1443 4291 est
1459 4238 1498 4290 ut
1514 4227 1575 4290 nisi
1592 4227 1693 4307 longis
1705 4237 1820 4291 natura

525 4331 651 4412 syllabis
665 4350 729 4394 non
743 4330 921 4405 adhaereat,
937 4338 1048 4391 acutus
1061 4336 1169 4391 autem
1184 4329 1264 4390 etin
1278 4327 1378 4407 longis
1392 4337 1425 4390 et
1438 4327 1473 4390 in
1486 4327 1635 4390 brevibus
1649 4327 1817 4390 invenitur.

563 4431 744 4493 Martianus
757 4429 888 4508 Capella
901 4429 952 4490 III
964 4449 997 4509 p.
1012 4429 1061 4503 66,
1076 4427 1092 4490 7
1108 4428 1198 4507 Eyss.

523 4530 634 4593 Omnis
647 4539 753 4592 autem
768 4549 829 4590 vox
842 4539 898 4591 aut
912 4538 1040 4590 acutum
1054 4539 1111 4590 aut
1124 4528 1354 4590 circumflexum
1368 4546 1480 4588 sonum
1493 4525 1611 4589 habeat
1624 4546 1750 4589 necesse
1763 4534 1819 4600 est,

524 4629 620 4692 etiam
640 4629 666 4690 si
684 4627 898 4708 monosyllaba
917 4627 966 4690 sit.
1008 4627 1247 4707 Monosyllabae
1265 4626 1348 4689 enim
1366 4626 1455 4706 gravi
1473 4634 1590 4688 oarent.
1631 4625 1743 4688 Omnis
1760 4645 1820 4687 vox

523 4728 738 4809 monosyllaba
761 4748 831 4790 cum
854 4726 972 4806 aliquid
995 4726 1149 4806 significat
1171 4726 1236 4789 sive
1257 4725 1361 4789 brevis
1382 4737 1431 4788 est
1452 4725 1519 4788 sive
1545 4724 1702 4805 positione
1716 4725 1818 4805 longa,

524 4839 654 4892 acuetur
672 4838 708 4890 ut
727 4828 858 4890 dicimus
870 4829 925 4906 sor
943 4833 1005 4900 tra·
1024 4826 1050 4888 si
1068 4836 1174 4888 autem
1193 4833 1306 4888 natura
1325 4825 1417 4904 longa
1435 4825 1530 4888 luerit
1548 4826 1692 4888 flectetur
1711 4834 1748 4888 ut
1766 4825 1817 4886 lix
