3942 6130
404 4237 407 4245 ,
525 4171 559 4234 F.
582 4172 613 4235 Si
633 4191 785 4251 umquam
805 4183 1026 4252 supponuntur
1043 4172 1304 4252 praepositiones?
1347 4173 1377 4235 S.
1398 4173 1516 4249 Etiam,
1535 4172 1591 4235 sed
1610 4192 1694 4249 raro;
1712 4183 1747 4235 et
1767 4173 1824 4234 hoc

527 782 564 845 78
985 780 1093 859 Jarras
1114 780 1144 842 S.
1168 779 1366 840 McLauoan

564 983 715 1044 Alcuinus
738 1002 770 1061 p.
795 982 872 1043 2086
894 981 929 1042 P.

525 1083 690 1157 Acoentus
705 1092 755 1145 est
769 1091 855 1143 certa
868 1081 917 1142 lex
929 1091 963 1142 et
978 1078 1083 1159 regula
1096 1080 1138 1141 ad
1152 1079 1319 1141 levandam
1332 1088 1365 1141 et
1380 1078 1646 1158 comprimendam
1660 1078 1824 1158 syllabam

526 1181 576 1244 Cl.
600 1177 798 1257 [Priscianus]
819 1180 858 1243 de
879 1199 944 1241 acc.
968 1180 997 1256 5,
1017 1200 1049 1259 p.
1073 1180 1141 1255 519,
1165 1180 1201 1240 25
1224 1180 1265 1241 K.

564 1282 714 1344 Alcuinus
735 1300 766 1360 p.
790 1281 868 1342 2099
890 1281 924 1341 P.

526 1383 561 1443 F.
580 1381 744 1461 Qromodo
772 1379 970 1442 declinantur
996 1380 1170 1457 composita
1197 1379 1343 1441 nomina?
1384 1380 1414 1441 S.
1444 1379 1478 1441 Si
1502 1398 1541 1439 ex
1567 1379 1766 1441 nominativo
1792 1388 1825 1441 et
1946 1356 1947 1409 l

524 1480 653 1561 obliquo
668 1500 742 1543 casu
757 1489 998 1559 componuntur,
1013 1497 1051 1540 ea
1066 1490 1166 1558 parte,
1183 1496 1246 1557 qua
1260 1478 1476 1541 nominativus
1490 1497 1580 1540 casus
1594 1488 1655 1553 est,
1668 1478 1826 1540 declinan-
1946 1472 1947 1499 ³

525 1592 587 1659 tur,
610 1592 646 1643 ut
670 1580 729 1642 ‘hic
752 1578 1016 1659 tribunusplebis',
1041 1578 1143 1640 ‘huius
1164 1577 1403 1658 tribuniplebis',
1428 1572 1509 1640 ‘huic
1536 1577 1775 1658 tribunoplebis'
1794 1587 1827 1640 et

525 1680 652 1760 reliqua.
697 1681 777 1744 Sier
792 1678 916 1742 duobus
926 1677 1113 1754 nominibus,
1129 1679 1286 1758 utrimque
1306 1677 1512 1754 declinantur,
1532 1688 1569 1742 ut
1586 1671 1656 1742 ‘hoc
1675 1677 1827 1740 iusiuran-

525 1780 621 1856 dum’,
636 1773 738 1843 ‘huius
750 1778 967 1856 iurisiurandi’,
982 1771 1065 1840 ‘huic
1081 1776 1292 1841 iuriiurando'.
1334 1778 1388 1842 Sin
1400 1797 1438 1840 ex
1450 1777 1573 1840 duobus
1590 1777 1725 1857 obliquis
1742 1798 1826 1840 oom-

524 1890 697 1960 ponuntur,
715 1889 844 1941 manent
861 1877 1101 1954 indeclinabilia,
1120 1887 1156 1940 ut
1175 1878 1385 1953 ‘huiusmodi',
1409 1878 1617 1954 istiusmodi,
1641 1878 1824 1941 ‘eiusmodi’.

526 1981 768 2060 Componuntur
785 1999 910 2059 quoque
927 1978 1095 2057 singularia
1108 1997 1180 2038 cum
1192 1977 1376 2057 pluralibus,
1391 1987 1426 2039 ut
1440 1977 1656 2055 ‘orbisterrae’,
1669 1977 1825 2040 ‘orbister·

525 2079 651 2142 rarum'.
693 2080 828 2142 Possunt
851 2088 960 2140 tamen
981 2077 1058 2140 baec
1078 2077 1189 2139 eadem
1211 2078 1385 2157 composita
1406 2079 1504 2140 etiarn
1527 2087 1672 2157 separata
1691 2097 1769 2154 esse,
1799 2079 1824 2140 si

524 2179 664 2242 diversos
681 2189 830 2241 accentus
849 2178 897 2240 liis
916 2176 1047 2253 dederis,
1066 2187 1103 2239 ut
1115 2169 1173 2240 ‘res
1190 2176 1341 2256 publica';
1360 2177 1410 2239 vel
1423 2178 1449 2240 si
1462 2178 1716 2240 coniunctionem
1727 2178 1823 2240 inter-

523 2297 633 2360 ponas,
656 2290 693 2342 ut
714 2271 931 2357 ‘tribunusque
948 2272 1068 2357 plebis'.
1112 2278 1146 2338 F.
1161 2277 1316 2339 Acoentus
1330 2277 1523 2356 compositae
1536 2276 1653 2357 ligur-ae
1666 2277 1824 2356 quomodo

526 2379 625 2441 fiunt?
666 2379 696 2442 S.
718 2380 778 2440 Per
796 2396 905 2439 omnes
924 2395 1015 2440 casus
1033 2388 1068 2439 et
1086 2396 1143 2456 per
1161 2394 1270 2439 omnes
1289 2362 1531 2456 compositiones
1548 2397 1670 2457 semper
1685 2377 1745 2440 sub
1762 2397 1824 2439 uno

525 2487 659 2541 accentu
676 2477 889 2558 proferuntur,
912 2485 948 2539 ut
969 2471 1215 2553 iusiurandum,
1235 2470 1464 2551 ‘iurisiurandi’,
1481 2477 1822 2557 ‘cuiuscumquemodi’.

525 2577 575 2640 cf.
596 2578 772 2641 Priscianus
791 2578 828 2654 V,
848 2579 901 2653 66;
919 2575 956 2638 67
975 2596 1007 2656 p.
1030 2578 1096 2653 183,
1117 2577 1134 2639 5
1153 2578 1195 2637 Η.

564 2678 713 2740 Alcuinus
736 2697 768 2757 p.
795 2678 874 2739 2104
897 2677 932 2738 P.

525 2776 559 2838 F.
582 2776 672 2842 Unde
693 2776 745 2839 illa
766 2776 961 2855 compositio,
984 2776 1127 2856 ‘egomet'
1148 2786 1181 2837 et
1202 2775 1368 2838 ‘huiusce'i
1410 2777 1440 2839 S.
1462 2777 1536 2838 Non
1557 2786 1606 2839 est
1626 2776 1823 2856 compositio,

524 2877 578 2939 sed
595 2895 758 2957 paragoge,
776 2877 796 2939 1.
814 2876 949 2938 adiectio
966 2875 1114 2955 syllabae.
1153 2876 1196 2938 Et
1209 2885 1283 2938 sunt
1296 2885 1448 2955 quattuor
1459 2875 1612 2939 eiusmodi
1624 2875 1826 2952 adiectiones,

525 2976 606 3053 ‘me',
626 2976 692 3053 ‘oe',
712 2976 775 3052 ‘te’,
795 2975 881 3056 ‘pte',
899 2986 937 3038 ut
956 2975 1110 3056 ‘egomet',
1129 2975 1230 3051 ‘tute',
1251 2975 1406 3055 ‘meapte',
1427 2975 1586 3053 ‘huiusce’,
1606 2975 1719 3053 ‘illioe';
1738 2976 1823 3057 quod

523 3095 580 3155 per
594 3095 755 3156 apocopen
771 3075 938 3155 profertur,
957 3075 1049 3152 ‘illic',
1067 3074 1179 3137 ultima
1195 3073 1401 3137 circumflexa.
1457 3072 1459 3076 '

524 3175 575 3239 Cf.
597 3172 792 3252 [Priscianus]
811 3176 850 3238 de
868 3194 933 3237 acc.
952 3177 992 3237 46
1009 3195 1042 3256 p.
1062 3175 1131 3252 528,
1153 3177 1190 3236 19
1208 3176 1250 3237 K.

565 3275 715 3338 Alcuinus
731 3296 763 3356 p.
782 3277 860 3338 2123
878 3273 913 3335 Ρ.
1480 3322 1484 3330 .

525 3375 606 3437 Sunt
619 3376 681 3438 alia
695 3375 874 3437 communia
886 3374 1082 3437 diversorum
1095 3385 1283 3454 temporum,
1295 3384 1332 3437 ut
1346 3374 1452 3452 ‘olim',
1467 3374 1608 3437 ‘dudum’
1611 3421 1825 3436 .....

525 3474 724 3554 ‘Quondam',
752 3475 968 3554 praeteritum,
998 3472 1175 3553 ‘Quondam
1202 3473 1264 3537 tuit
1291 3474 1353 3537 ista
1380 3475 1413 3537 in
1440 3475 1501 3537 bac
1522 3474 1680 3554 republica
1703 3476 1815 3537 virtus’

525 3575 675 3637 Praesens
692 3593 812 3649 verum,
831 3574 1009 3653 ‘Quondam
1025 3573 1123 3635 etiam
1139 3573 1233 3636 victis
1250 3574 1330 3636 redit
1347 3574 1380 3635 in
1396 3575 1579 3655 praecordia
1600 3574 1722 3637 virtus'.
1766 3576 1812 3637 Fu

523 3684 647 3736 turum:
669 3668 817 3754 ‘Tempus
834 3674 894 3736 erit
910 3672 1092 3753 quondam'.
1135 3673 1282 3736 Similiter
1296 3694 1336 3737 ex
1351 3693 1389 3736 eo
1413 3675 1597 3754 composita,
1623 3674 1814 3754 ‘aliquando'

526 3773 724 3853 ‘nequando’,
738 3791 820 3853 quae
835 3773 867 3834 in
880 3772 1055 3853 penultimo
1069 3783 1234 3835 accentum
1248 3772 1377 3850 habent,
1391 3792 1431 3836 ne
1445 3773 1526 3836 duae
1541 3784 1647 3854 partes
1660 3782 1823 3853 putentur.

524 3873 584 3937 Sed
597 3872 744 3953 ‘quando'
755 3884 789 3936 et
807 3872 997 3952 ‘quomodo',
1009 3872 1095 3949 ‘ubi',
1110 3873 1225 3949 ‘unde',
1240 3873 1334 3952 ‘qua',
1349 3868 1443 3953 ‘quo',
1463 3874 1690 3953 interrogativa
1706 3892 1824 3935 acuun-

524 3983 586 4048 tur,
605 3971 737 4034 relativa
753 3983 926 4052 gravantur
942 3992 998 4052 per
1013 3991 1123 4035 omnes
1139 3971 1284 4052 syllabas.

564 4071 713 4134 Alcuinus
732 4093 765 4152 p.
789 4074 867 4134 2136
888 4073 923 4134 P.

523 4290 571 4347 eo,
584 4271 758 4350 euphoniae
771 4290 865 4334 musa
876 4272 910 4334 id
921 4280 970 4334 est
980 4272 1170 4348 sonoritatis,
1182 4282 1218 4333 ut
1229 4271 1262 4334 in
1271 4271 1508 4351 pronominibus
1519 4272 1674 4349 ‘mecum’,
1687 4273 1822 4348 ‘tecum’,

525 4371 661 4447 ‘secum',
681 4370 873 4448 ‘nobiscum',
893 4370 1089 4447 ‘vobiscum';
1106 4371 1161 4434 sed
1176 4381 1210 4434 et
1225 4373 1350 4451 poetica
1366 4372 1555 4435 auctoritate
1569 4372 1601 4433 in
1615 4373 1725 4435 metris
1736 4391 1809 4452 prae

523 4480 646 4550 postere
664 4471 739 4550 poni
758 4489 813 4533 eas
830 4471 979 4547 invenies,
1000 4481 1036 4533 ut
1056 4472 1165 4534 ‘maria
1184 4473 1289 4533 omnia
1308 4471 1445 4547 drcrim’,
1465 4480 1499 4534 et
1517 4471 1561 4534 ibi
1579 4471 1684 4535 finalis
1701 4471 1820 4551 syllaba

523 4570 657 4646 acuitur,
678 4588 718 4632 ne
738 4589 853 4633 nomen
874 4579 1013 4650 putetur.
1056 4572 1090 4632 F.
1113 4570 1243 4633 Habent
1262 4572 1508 4651 praepositiones
1528 4582 1677 4635 accentus
1698 4574 1822 4652 perse?

525 4671 556 4733 S.
570 4668 699 4731 Habent
711 4680 842 4732 acutum
853 4661 1018 4733 acce'ntum
1029 4671 1062 4732 in
1072 4670 1143 4747 fine,
1154 4682 1221 4733 tam
1230 4670 1316 4750 apud
1326 4671 1472 4747 Graecos,
1482 4689 1579 4751 quam
1587 4672 1674 4753 apud
1683 4672 1822 4747 Latinos,

1834 3138 1840 3147 Q

524 4770 577 4849 qui
600 4779 708 4831 tamen
728 4769 761 4831 in
782 4789 909 4848 gravem
930 4789 1051 4850 semper
1072 4772 1215 4846 vertitur,
1237 4771 1312 4850 quia
1331 4771 1521 4851 praepositio
1543 4770 1660 4851 ubique
1681 4773 1823 4851 sequenti
1936 4792 1941 4811 ·

524 4868 665 4945 dictioni,
692 4889 745 4931 seu
771 4889 827 4949 per
852 4870 1091 4949 appositionem,
1117 4889 1171 4932 seu
1196 4889 1253 4950 per
1278 4871 1545 4951 compositionem,
1577 4870 1758 4933 adnectitur
1790 4882 1821 4933 et

524 4969 615 5048 quasi
637 4987 700 5031 666
722 4988 795 5048 pars
818 4988 890 5030 cum
912 4988 950 5031 ea
971 4969 1137 5049 profertur.
