3942 6130
498 818 538 879 64
958 818 1065 895 Jaurs
1085 818 1116 880 S.
1138 817 1335 880 McLauorur

542 1016 602 1078 Sed
618 1015 704 1095 apud
722 1015 858 1078 Graecos
874 1015 991 1095 ubique
1006 1015 1165 1079 invenitur
1181 1027 1294 1079 acutus
1309 1026 1468 1092 accentus,
1484 1017 1568 1079 etin
1584 1015 1697 1080 ultima
1713 1026 1746 1079 et
1763 1015 1796 1077 in

500 1115 695 1195 paenultima
708 1124 742 1178 et
755 1115 788 1177 in
801 1114 1079 1195 antepaenultima.
1121 1116 1345 1179 Circumflexus
1357 1116 1443 1195 apud
1459 1116 1594 1179 Graecos
1606 1117 1686 1179 duos
1698 1116 1795 1178 habet

500 1215 594 1290 locos,
607 1215 768 1278 ultimum
793 1224 826 1278 et
851 1214 1080 1295 paenultimum
1107 1224 1246 1291 tantum;
1271 1215 1313 1278 ad
1339 1215 1468 1279 tertium
1494 1216 1598 1278 locum
1622 1235 1795 1296 numquam

501 1316 652 1378 ascendit.
693 1316 771 1377 Tres
783 1325 858 1377 sunt
870 1336 942 1394 ergo
956 1314 1015 1378 loci
1027 1314 1114 1378 acuti
1126 1325 1274 1378 accentus
1292 1316 1378 1395 apud
1399 1316 1544 1391 Graecos,
1564 1315 1704 1391 ultimus,
1723 1335 1797 1395 pae

502 1415 663 1493 nultimus,
678 1414 975 1495 antepaenultimus,
989 1425 1023 1477 et
1033 1415 1096 1477 duo
1105 1415 1165 1478 loci
1179 1416 1376 1490 circumflexi,
1388 1416 1517 1478 ultimus
1526 1425 1559 1478 et
1574 1414 1796 1495 paenultimus.

502 1515 581 1578 Vide
610 1525 730 1594 quanta
759 1515 915 1577 brevitate
943 1514 1061 1595 colligis
1087 1516 1169 1578 hanc
1197 1515 1361 1578 rationem.
1402 1516 1497 1597 Apud
1524 1516 1656 1579 Latinos
1684 1514 1798 1577 ultima

503 1615 624 1695 syllaba
635 1626 800 1678 accentum
811 1636 875 1677 non
887 1615 997 1691 habet;
1009 1615 1166 1678 nonlicet.
1208 1616 1348 1697 Excepta
1359 1616 1421 1678 ista
1432 1615 1545 1678 ultima
1557 1615 1688 1695 syllaba,
1701 1633 1796 1693 quam

504 1736 567 1778 non
586 1715 659 1777 licet
677 1715 792 1777 habere
810 1724 985 1790 accentum,
1006 1714 1083 1795 quid
1102 1715 1192 1778 nobis
1210 1715 1412 1795 relinquitur?
1453 1717 1499 1778 Ut
1517 1723 1630 1777 acutus
1649 1723 1798 1777 accentus

503 1815 588 1895 apud
607 1815 738 1877 Latinos
757 1815 836 1877 duos
855 1815 972 1878 habeat
991 1814 1084 1891 locos,
1103 1815 1332 1895 paenultimam
1352 1825 1385 1877 et
1404 1814 1720 1895 antepaenultimum,
1740 1814 1798 1876 cir-

504 1915 673 1978 cumfiexus
683 1924 830 1977 accentus
840 1935 938 1978 unum
948 1915 1065 1978 habeat
1075 1914 1188 1995 locum,
1198 1915 1437 1995 paenultimtnn.
1478 1914 1574 1978 Vides
1583 1934 1666 1994 ergo,
1677 1923 1798 1993 quanta

504 2015 660 2078 brevitate
678 2016 738 2078 hoc
757 2016 799 2077 sit
818 2014 948 2078 factum.
990 2017 1068 2077 Tres
1086 2025 1176 2078 erant
1195 2014 1255 2078 loci
1273 2016 1360 2078 acuti
1378 2026 1526 2078 accentus
1545 2015 1631 2094 apud
1652 2014 1798 2087 Graecos,

506 2164 511 2175 .
607 2163 613 2176 .
658 2163 664 2175 .
705 2125 738 2177 et
766 2115 953 2178 circumflexi
975 2125 1123 2177 accentus
1145 2116 1208 2178 duo
1230 2124 1322 2178 erant
1343 2114 1403 2177 loci
1405 2162 1614 2194 .....
1656 2114 1798 2176 Remove

503 2216 600 2277 istum
612 2214 667 2293 qui
678 2215 764 2294 apud
776 2215 906 2277 Latinos
916 2226 1081 2278 accentum
1093 2235 1156 2278 non
1167 2215 1264 2278 habet
1275 2214 1412 2295 penitus,
1423 2214 1456 2276 id
1468 2224 1517 2276 est
1528 2214 1685 2277 ultimum.
1727 2214 1799 2274 Hoc

503 2323 624 2397 remoto
644 2314 704 2377 hoc
723 2326 874 2396 superest,
894 2324 932 2377 ut
950 2314 1001 2377 ille
1020 2315 1243 2391 circumflexus,
1264 2314 1318 2394 qui
1337 2314 1449 2377 habuit
1469 2316 1549 2378 duos
1567 2313 1661 2390 locos,
1681 2312 1800 2375 habeat

505 2434 613 2489 unum,
631 2423 665 2477 et
682 2424 804 2490 acutus,
823 2415 878 2494 qui
895 2413 1007 2476 habuit
1024 2425 1089 2477 tres
1106 2414 1200 2491 locos,
1218 2414 1336 2477 habeat
1352 2416 1441 2477 duos.
1482 2413 1591 2477 Tertia
1608 2434 1681 2493 ergo
1699 2414 1719 2475 a
1737 2412 1800 2475 fine

504 2535 568 2577 non
587 2523 694 2594 potest
712 2514 826 2578 habere
844 2513 905 2577 nisi
923 2524 1088 2577 accentum
1106 2526 1247 2591 acutum,
1267 2513 1415 2593 quoniam
1434 2513 1570 2577 diximus
1587 2522 1718 2576 acutum
1735 2531 1800 2575 non

503 2615 670 2677 ascendere
688 2614 748 2676 nisi
767 2614 926 2694 usquead
946 2613 1074 2677 tertium
1094 2614 1206 2677 locum.
1254 2614 1337 2694 Ergo
1356 2614 1451 2677 tertia
1471 2612 1592 2693 syllaba
1609 2624 1686 2675 tunc
1701 2612 1800 2674 habet

505 2724 680 2792 accentum,
708 2716 835 2798 quando
861 2715 1055 2796 paenultima
1085 2714 1189 2778 brevis
1218 2724 1274 2777 est.
1316 2715 1393 2778 Ideo
1422 2714 1518 2797 tertia
1544 2713 1641 2777 habet
1668 2722 1800 2775 acutum

505 2813 617 2885 solum,
640 2814 777 2877 secunda
799 2835 818 2877 a
840 2815 902 2877 fine
924 2825 1103 2895 utrumque,
1126 2824 1159 2877 et
1181 2824 1310 2877 acutum
1333 2824 1366 2878 et
1388 2814 1630 2876 circumflexum.

545 2913 732 2993 Hislegibus
741 2914 836 2978 semel
844 2914 945 2996 captis
954 2914 1017 2976 iam
1027 2916 1121 2977 modo
1130 2914 1293 2977 videamus
1301 2914 1341 2977 de
1349 2913 1478 2993 singulis
1486 2913 1630 2993 partibus
1638 2909 1801 2985 orationis,

504 3025 538 3076 et
549 3014 686 3093 primum
696 3013 879 3094 incipiemus
889 3024 1025 3077 tractare
1035 3015 1074 3078 de
1083 3013 1315 3093 monosyllabis.
1357 3015 1521 3076 Praeterea
1534 3023 1705 3092 antequam
1719 3020 1801 3073 trac-

506 3123 619 3191 temus,
637 3113 696 3176 hoc
712 3114 815 3193 ipsum
832 3115 911 3177 scire
927 3114 1032 3190 debes,
1050 3114 1125 3194 quia
1142 3114 1257 3194 positio
1274 3113 1308 3175 in
1326 3112 1507 3176 accentibus
1525 3132 1589 3174 nou
1607 3118 1802 3191 conputatur

505 3213 539 3275 in
556 3213 789 3294 monosyllabis.
830 3214 916 3276 Talis
939 3223 998 3290 est,
1021 3213 1048 3275 si
1070 3214 1113 3276 sit
1133 3214 1290 3294 positione
1312 3211 1415 3293 longa,
1438 3233 1476 3275 ac
1498 3212 1527 3274 si
1548 3211 1591 3274 sit
1613 3209 1801 3274 naturaliter

506 3313 622 3377 brevis:
638 3333 703 3376 non
720 3313 793 3377 licet
809 3324 847 3377 ut
862 3313 981 3393 aliquid
997 3314 1068 3393 plus
1090 3313 1217 3388 habeat,
1235 3323 1390 3393 quantum
1413 3313 1455 3375 ad
1478 3322 1627 3375 accentus
1649 3310 1801 3392 pertinet;

504 3413 661 3493 positione
673 3413 765 3493 longa
783 3413 903 3494 syllaba
919 3413 946 3475 si
962 3413 1067 3490 luerit,
1082 3413 1154 3477 talis
1166 3423 1224 3489 est,
1238 3413 1315 3476 acsi
1328 3433 1392 3476 non
1405 3413 1447 3475 sit
1459 3413 1616 3492 positione
1628 3410 1733 3491 longa,
1746 3409 1801 3472 sed

506 3514 547 3575 sit
560 3514 745 3576 naturaliter
758 3514 871 3577 brevis.

547 3614 715 3693 Pompeius
727 3634 759 3693 p.
776 3615 842 3689 128,
858 3615 894 3675 22
909 3615 951 3675 Κ.

507 3712 728 3792 Monosyllaba
754 3734 827 3793 pars
853 3713 1003 3776 orationis
1029 3713 1057 3774 si
1082 3711 1267 3775 naturaliter
1292 3711 1479 3791 productam
1508 3710 1647 3773 vocalem
1673 3708 1801 3785 habeat,

506 3813 737 3876 circumflexum
755 3813 852 3876 habet
870 3822 1044 3877 accentum.
1086 3814 1131 3875 Ut
1147 3823 1228 3892 puta
1245 3813 1309 3887 dds,
1327 3810 1513 3874 naturaliter
1531 3811 1624 3889 longa
1642 3818 1704 3883 est3
1723 3811 1802 3887 spes,

508 3913 693 3976 naturaliter
715 3912 808 3992 longa
831 3925 892 3989 est;
915 3921 976 3988 aas,
999 3911 1184 3975 natrualiter
1207 3911 1300 3991 longa
1322 3920 1371 3974 est
1395 3907 1489 3985 [unde
1512 3909 1590 3973 iacit
1612 3906 1704 3984 derel,
1728 3906 1803 3987 quia

506 4012 721 4093 diphthongus
738 4024 796 4076 est.
837 4011 1059 4091 Monosyllaba
1075 4032 1148 4091 ergo
1164 4031 1237 4091 pars
1253 4010 1414 4083 orationis,
1432 4011 1458 4072 si
1517 4055 1728 4081 .....
1745 4007 1803 4069 cir-

507 4113 693 4175 cumflexum
715 4112 846 4175 habebit
866 4121 1041 4174 accentum.
1081 4111 1164 4189 Quid
1187 4111 1213 4173 si
1233 4110 1419 4174 naturaliter
1440 4120 1617 4189 correptam
1639 4106 1802 4170 habuerit?

508 4212 629 4274 Acutus
646 4213 716 4288 erit,
735 4223 772 4274 ut
790 4224 869 4291 puta
887 4217 915 4272 el
931 4217 983 4272 nec
1000 4217 1068 4291 qul:
1089 4211 1278 4290 ‘primusque
1296 4208 1478 4286 Machaon‚'
1497 4218 1535 4271 ut
1552 4208 1594 4271 sit
1613 4206 1802 4269 coniunctio.

508 4312 590 4388 Quid
601 4312 627 4373 si
635 4312 790 4391 positione
799 4311 891 4391 longa
901 4311 959 4375 sit?
1000 4310 1082 4372 Illud
1092 4311 1176 4389 quod
1193 4310 1251 4372 tibi
1260 4310 1334 4395 diri,
1344 4310 1388 4372 sic
1396 4309 1560 4389 accipitur,
1570 4307 1661 4388 quasi
1675 4316 1803 4369 natura·

506 4409 578 4473 liter
596 4410 710 4474 brevis.
752 4411 834 4490 Ergo
853 4410 926 4473 talis
941 4419 990 4473 est
1007 4409 1161 4489 positione
1180 4409 1282 4489 longa,
1299 4410 1400 4489 qualis
1419 4418 1467 4471 est
1485 4407 1671 4471 naturaliter
1690 4405 1803 4468 brevis.

509 4511 552 4572 Et
560 4510 694 4572 diximus
702 4511 736 4571 in
744 4509 831 4573 brevi
839 4520 968 4573 acutum
976 4519 1141 4572 accentum
1149 4530 1225 4572 esse.
1267 4510 1379 4588 Siergo
1387 4508 1629 4571 brevisacutum
1638 4515 1803 4569 accentum

507 4610 614 4685 habet,
638 4621 778 4689 superest
800 4619 837 4672 ut
857 4610 1013 4690 positione
1034 4610 1127 4688 longa
1148 4619 1277 4672 acutum
1299 4609 1418 4672 babeat
1439 4618 1615 4670 accentum.
1657 4607 1703 4668 Ut
1724 4614 1804 4685 puta

406 4703 409 4711 ’
509 4717 564 4788 pix
583 4710 738 4789 positione
758 4719 806 4772 est
826 4709 917 4789 longa
923 4730 931 4786 ;
951 4710 1005 4772 sed
1025 4709 1175 4788 quoniam
1193 4709 1379 4770 naturaliter
1399 4718 1531 4770 nonest
1551 4707 1654 4786 longa,
1674 4714 1803 4768 acutum

509 4809 606 4872 habet
624 4820 799 4871 accentum.
839 4810 910 4872 Hoc
928 4820 987 4883 est,
1006 4809 1091 4889 quod
1111 4818 1284 4871 tractatum
1303 4819 1352 4870 est
1370 4808 1409 4869 de
1428 4817 1523 4870 acuto
1542 4813 1676 4869 accentu
1695 4816 1729 4867 et
1748 4804 1804 4866 cir-

510 4909 670 4971 cumflexo.
711 4908 826 4971 Omnia
843 4930 915 4988 ergo
932 4910 965 4970 in
982 4909 1163 4971 accentibus
1181 4908 1350 4969 secundum
1369 4917 1515 4969 naturam
1534 4906 1732 4985 colliguntur.
1774 4901 1803 4965 Si
