3942 6130
514 737 556 799 48
714 734 717 741 '
975 740 1082 818 Jonas
1102 740 1133 802 S.
1156 739 1353 802 McLarroaa

518 936 643 1016 quidem
660 947 719 1013 est,
736 937 791 1000 sed
807 957 872 999 non
887 936 986 1000 solida
1002 937 1169 1018 positione3
1186 947 1276 1000 muta
1292 939 1375 1001 enim
1399 948 1432 1001 et
1454 938 1573 1018 liquida
1596 939 1742 1018 quotiens
1764 960 1822 1021 po-

517 1046 646 1113 nuntur,
661 1046 797 1100 metmm
812 1038 934 1113 iuvant,
949 1057 1014 1099 non
1028 1047 1202 1100 accentum.

559 1136 684 1200 Servius
697 1136 738 1200 ad
751 1137 829 1199 Aen.
844 1137 872 1212 I,
885 1138 954 1199 451.

517 1233 628 1312 lesaii]
654 1237 794 1315 Quartae
819 1236 1047 1316 coniugationis
1073 1247 1199 1316 tempus
1224 1238 1427 1317 praeteritum
1454 1237 1627 1318 perfectum
1654 1237 1706 1301 vel
1730 1239 1765 1300 in
1791 1241 1821 1301 ui

518 1335 660 1398 iunctum
674 1335 748 1413 exit,
763 1334 813 1399 vel
828 1335 954 1398 sublata
968 1336 1126 1415 digammo
1139 1336 1172 1398 in
1187 1337 1214 1398 a·
1227 1357 1284 1417 pro
1298 1347 1406 1399 nostro
1420 1338 1562 1412 arbitrio,
1576 1349 1614 1400 ut
1627 1339 1703 1400 lenii
1716 1338 1818 1413 lenivi,

517 1435 606 1497 audii
620 1436 733 1498 cardia
775 1436 856 1498 Sane
870 1455 942 1498 cum
957 1436 991 1497 in
1005 1437 1034 1498 a·
1049 1436 1123 1511 exit,
1138 1437 1334 1516 paenultima
1349 1436 1442 1516 longa
1456 1448 1505 1500 est
1519 1447 1553 1500 et
1567 1438 1637 1518 ipsa
1651 1448 1818 1501 accentum

518 1535 645 1610 retinet;
659 1555 730 1598 cum
743 1556 819 1599 vero
831 1536 914 1611 inii,
927 1535 1122 1616 paenultima
1135 1536 1239 1598 brevis
1252 1546 1301 1599 est
1313 1547 1347 1599 et
1359 1537 1463 1616 perdit
1476 1547 1651 1612 accentum,
1666 1537 1818 1617 quia-ut

517 1634 768 1714 supradiximus
793 1635 894 1697 Unius
917 1637 951 1698 ob
973 1635 1267 1714 noxam-quotiens
1289 1636 1406 1699 vocalis
1428 1637 1568 1700 vocalem
1590 1637 1742 1716 sequitur,
1764 1638 1819 1701 de-

518 1734 617 1797 trahit
628 1734 854 1815 longitudinem
865 1735 1075 1815 praecedenti3
1087 1735 1142 1798 sed
1153 1735 1213 1798 hoc
1223 1736 1256 1798 in
1267 1746 1379 1811 metro,
1391 1736 1446 1799 ubi
1456 1737 1624 1800 necessitas
1636 1737 1730 1818 cogit,
1741 1756 1816 1799 nam

516 1835 550 1895 in
565 1853 659 1914 prosa
674 1844 707 1897 et
723 1843 869 1896 naturam
885 1852 975 1897 suam
991 1844 1023 1897 et
1040 1845 1204 1897 accentum
1220 1845 1368 1899 retentat.
1409 1838 1504 1899 Nunc
1519 1856 1592 1917 ergo
1607 1837 1704 1912 leniit,
1721 1838 1817 1900 tertia

516 1954 536 1995 a
554 1934 616 1996 fine
633 1933 731 1997 habet
748 1943 923 2009 accentum,
943 1933 1017 2013 quia
1034 1934 1228 2015 paenultima
1246 1936 1349 1998 brevis
1367 1945 1425 1998 est.
1467 1937 1547 1999 Sane
1565 1936 1748 2016 plerumque
1765 1956 1816 1999 ac-

517 2043 643 2096 centum
664 2054 755 2096 suum
775 2033 890 2097 retinet
910 2034 1006 2097 etiam
1026 2052 1128 2097 sermo
1148 2044 1322 2116 corruptae,
1343 2044 1381 2097 ut
1400 2038 1440 2098 M
1440 2028 1546 2112 creari,
1566 2037 1694 2111 Domiti,
1712 2037 1815 2098 olai.-

517 2134 612 2196 tertia
622 2152 641 2194 a
651 2134 713 2196 fine
723 2133 833 2196 debuit
843 2133 958 2197 habere
967 2145 1141 2208 accentum,
1153 2134 1228 2214 quia
1236 2134 1433 2215 paenultima
1441 2135 1546 2198 brevis
1555 2145 1614 2211 est,
1625 2135 1680 2198 sed
1690 2145 1816 2198 constat

422 2235 425 2239 ’
516 2232 594 2295 haec
608 2233 736 2295 nomina
752 2252 912 2313 apocopen
927 2232 1102 2312 pertulisse:
1118 2253 1192 2296 nam
1207 2234 1293 2315 apud
1307 2234 1441 2298 maiores
1455 2235 1539 2297 idem
1561 2245 1629 2298 erat
1649 2236 1816 2298 vocativus

517 2333 572 2411 qui
584 2342 618 2395 et
630 2332 854 2408 nominativus,
870 2342 906 2395 ut
917 2334 966 2396 hia
978 2335 1161 2409 Mercurius,
1174 2334 1201 2396 0
1214 2335 1397 2410 Mercurius,
1411 2335 1495 2399 unde
1507 2355 1546 2397 cu
1559 2334 1631 2397 licet
1644 2334 1750 2398 brevis
1762 2335 1815 2410 sit,

517 2432 613 2495 etiam
625 2443 698 2512 post
709 2451 870 2512 apocopen
883 2451 974 2495 suum
987 2443 1093 2496 servat
1104 2443 1280 2497 accentum.

557 2532 682 2595 Servius
695 2533 737 2594 ad
750 2532 828 2594 Aen.
842 2532 870 2607 I,
884 2534 952 2594 683.

518 2632 566 2694 Tu
577 2632 684 2703 facim
695 2632 781 2694 illices
791 2638 904 2694 noctem
914 2653 976 2694 non
987 2633 1120 2712 amplisu
1131 2630 1236 2709 unam]
1248 2634 1329 2697 Sane
1339 2634 1425 2696 difies
1437 2634 1470 2695 in
1483 2634 1641 2714 Georgicis
1652 2633 1814 2713 corripuit,

517 2741 553 2793 ut
575 2734 595 2795 Ι
594 2732 667 2793 litias
688 2733 844 2794 icnmensa.

557 2831 681 2894 Servius
694 2832 736 2893 ad
749 2832 827 2894 Aen.
842 2831 887 2908 Π,
902 2831 971 2894 476.

519 2932 590 2993 Una
612 2932 717 3011 ingens
746 2929 905 3010 Periphas]
928 2931 1048 2994 Ultima
1070 2941 1234 2994 accentum
1257 2952 1321 2994 non
1350 2932 1457 3008 habet,
1481 2953 1521 2995 ne
1550 2932 1738 2995 femininum
1761 2932 1814 3007 sit,

408 3064 412 3073 ·
515 3050 573 3093 nec
584 3031 679 3093 tertia
690 3050 711 3093 a
722 3031 794 3107 fine,
808 3030 882 3109 quia
893 3031 1063 3093 novissima
1074 3031 1167 3111 longa
1179 3041 1239 3094 est:
1252 3051 1325 3112 ergo
1337 3033 1366 3093 ri
1377 3031 1507 3094 habebit
1519 3041 1693 3096 accentum.

556 3131 681 3193 Servius
694 3130 736 3192 ad
748 3131 826 3193 Aen.
841 3131 886 3205 II,
900 3131 969 3192 681.

515 3232 555 3292 M
556 3250 634 3292 anm
669 3229 756 3307 atter]
791 3230 936 3292 Mutavit
971 3240 1135 3293 accentum
1170 3231 1360 3312 praepositio
1395 3231 1583 3312 postposita.
1626 3231 1707 3294 Sane
1736 3232 1816 3293 inter

514 3329 698 3409 plerumque
719 3329 931 3410 postponitur,
956 3331 1010 3393 sed
1034 3349 1104 3393 raro
1127 3332 1213 3411 apud
1235 3331 1416 3411 Vergilium,
1441 3340 1477 3393 ut
1500 3333 1593 3394 Ham
1615 3332 1696 3393 inter
1714 3331 1813 3409 fluvio

519 3430 679 3491 Tiberinus
694 3449 825 3492 cnweno.

556 3529 822 3592 ServiusadAen.
836 3528 961 3604 11,725.

514 3629 598 3689 Pone
609 3626 840 3704 sulimatum]
852 3631 936 3691 Pone
949 3626 1043 3708 [post;
1056 3630 1109 3692 sed
1122 3629 1190 3691 loco
1203 3640 1339 3705 tantum,
1351 3650 1415 3693 non
1426 3640 1460 3692 et
1472 3630 1607 3711 tempori
1618 3628 1813 3709 adiungitur;

515 3725 557 3802 et]
571 3728 755 3791 adverbium
767 3738 828 3804 est;
836 3714 937 3807 ‘atque
949 3729 1019 3791 ideo
1031 3728 1144 3791 ultima
1158 3727 1278 3810 syllaba
1289 3729 1386 3793 habet
1398 3739 1573 3793 accentum.

556 3828 681 3890 Servius
693 3829 735 3890 ad
748 3829 826 3890 Aen.
841 3829 886 3903 II,
902 3826 968 3890 778.

513 3928 657 3988 Gentilem
682 3935 834 4005 asportare
856 3926 1011 4004 Cressam]
1030 3928 1111 4007 Quia
1128 3928 1243 3991 Latina
1261 3928 1430 3992 declinatio
1448 3938 1506 4004 est,
1525 3929 1585 3992 erit
1609 3929 1743 3991 Latinus
1761 3947 1812 3991 ac·

513 4036 633 4089 centus.

555 4125 679 4189 Servius
692 4127 733 4188 ad
746 4128 825 4189 Aen.
840 4128 885 4202 11,
901 4126 967 4189 779.

513 4226 626 4304 Superi
647 4234 782 4305 regnator
802 4225 936 4305 Olympi]
964 4227 1029 4289 Cur
1052 4227 1085 4288 in
1109 4226 1303 4307 paenultima
1326 4238 1474 4290 accentus
1498 4227 1549 4303 sit,
1571 4227 1740 4290 manifesta
1763 4236 1812 4289 est

513 4325 595 4387 ratio
614 4326 699 4405 apud
717 4326 857 4401 Latinos,
878 4345 1069 4405 quamquam
1089 4327 1201 4390 Graeci
1219 4328 1436 4390 discretionem
1455 4327 1554 4390 velint
1574 4348 1628 4406 per
1647 4336 1811 4389 acoentum

514 4425 615 4487 iacere
626 4426 743 4487 montis
754 4434 787 4487 et
800 4425 886 4501 caeli,
899 4426 985 4505 quod
996 4427 1186 4506 superfluum
1198 4437 1256 4489 est.

555 4524 679 4587 Servius
692 4525 733 4587 ad
746 4525 824 4588 Aen.
839 4526 901 4600 111,
916 4528 947 4587 3:
962 4545 1012 4588 see
1025 4526 1155 4588 Probus.

555 4624 679 4687 Servius
692 4625 733 4686 ad
746 4625 823 4687 Aen.
839 4625 901 4699 111,
915 4626 964 4687 91.
1053 4681 1064 4703 ,

512 4721 702 4804 Lauinaque]
721 4745 776 4804 que
794 4724 898 4787 brevis
916 4734 965 4787 est
982 4745 1039 4805 pro
1058 4725 1150 4805 longa
1169 4725 1285 4805 posita;
1303 4744 1385 4808 quae
1403 4725 1463 4788 hac
1481 4725 1603 4789 ratione
1621 4724 1810 4789 defenditur.

512 4825 578 4885 Aut
597 4824 671 4902 quia
689 4823 795 4885 omnia
812 4823 1029 4904 monosyllaba
1047 4826 1089 4887 ad
1107 4834 1207 4887 artem
1226 4846 1290 4887 non
1308 4824 1477 4905 pertinent,
1497 4834 1529 4888 et
1548 4825 1597 4886 his
1616 4823 1744 4888 licenter
1763 4825 1811 4886 uti
