3942 6130
436 814 510 874 lna
529 814 716 874 hammon
737 828 778 873 or
799 828 864 874 rna
883 813 989 874 Lurnv
1010 812 1143 874 Accnvr
1403 811 1440 874 75

140 1013 267 1093 quando
295 1013 485 1092 praepositio
512 1024 546 1076 et
575 1013 701 1093 quando
721 1013 907 1075 adverbium
933 1033 999 1076 esse
1027 1012 1209 1076 dinoscitur.
1251 1015 1353 1093 Quare
1381 1012 1442 1075 hoc

140 1131 313 1189 monemus,
334 1112 429 1191 quod,
450 1113 576 1192 quando
598 1113 692 1175 ‘ante'
712 1132 784 1175 cum
804 1132 877 1181 casu
897 1133 954 1175 suo
973 1124 1005 1175 et
1025 1132 1131 1191 presso
1151 1124 1283 1177 accentu
1303 1131 1441 1192 pronun·

140 1214 251 1289 datur,
267 1214 457 1292 praepositio
471 1223 682 1291 nuncupatur,
698 1224 735 1275 ut
748 1212 835 1292 apud
850 1213 1012 1292 Virgilium
1030 1210 1119 1287 (Aen.
1136 1213 1174 1289 V,
1191 1210 1278 1288 380:

339 1313 462 1375 Aeneae
484 1313 574 1376 stetit
594 1323 668 1374 ante
689 1313 784 1393 pedes

138 1422 174 1474 et
193 1423 296 1474 cetera
316 1412 401 1475 talia.
442 1414 486 1475 At
506 1432 578 1474 vero
598 1412 724 1492 quando
745 1413 839 1475 ‘ante’
858 1430 923 1472 non
942 1431 1014 1474 cum
1032 1430 1107 1474 casu
1127 1432 1183 1474 suo
1201 1422 1235 1475 et
1254 1432 1326 1474 cum
1345 1424 1441 1475 acuto

138 1522 273 1575 accentu
298 1511 464 1591 profertur,
490 1511 676 1575 adverbium
700 1512 867 1589 indicatur,
895 1522 930 1575 ut
956 1511 1042 1591 apud
1068 1512 1231 1592 Virgilium
1259 1509 1350 1587 (Aen.
1378 1513 1440 1588 III,

340 1695 421 1777 Ante
432 1722 465 1773 et
479 1712 639 1774 Trinacria
650 1711 817 1774 lentandus
828 1711 1069 1774 remusinunda
1121 1764 1125 1771 .

139 1821 174 1873 et
184 1811 270 1891 apud
281 1812 476 1874 Sallustium:
495 1812 661 1874 ‘Antonius
683 1812 792 1891 paucis
817 1811 890 1874 Ante
914 1811 1025 1874 diebus
1048 1812 1151 1890 erupit
1176 1832 1214 1873 ex
1238 1811 1339 1887 urbe';
1364 1812 1442 1874 item

140 1910 227 1991 apud
247 1910 410 1989 Virgilium
432 1908 522 1986 (Aen.
543 1912 598 1989 IV,
618 1908 705 1986 327):

340 2010 458 2073 Saltem
479 2011 506 2074 si
526 2031 589 2091 qua
609 2011 687 2074 mihi
708 2011 747 2073 de
768 2024 800 2075 te
821 2021 967 2089 suscepta
984 2011 1094 2073 luisset

340 2093 421 2173 Ante
443 2110 550 2192 lugam
573 2110 705 2174 suboles.

142 2211 192 2273 Sic
206 2220 239 2272 et
254 2210 332 2272 aliae
347 2211 593 2290 praepositiones
607 2229 687 2290 quae
701 2229 802 2289 neque
818 2229 891 2272 cum
905 2229 979 2272 casu
994 2230 1051 2273 suo
1065 2219 1098 2273 et
1114 2230 1185 2273 cum
1199 2221 1297 2277 acuto¹
1309 2221 1441 2273 acoentu

140 2311 355 2388 inveniuntur,
372 2312 435 2372 iam
450 2329 513 2372 non
530 2312 776 2391 praepositiones
792 2311 846 2373 sed
862 2310 922 2373 hoc
938 2310 1024 2390 quod
1039 2309 1214 2390 significant
1231 2311 1441 2390 appellantur.

181 2410 339 2472 Audacius
361 2407 499 2486 (Audax)
518 2410 604 2490 apud
623 2410 743 2473 Bedam
762 2410 800 2473 de
820 2420 910 2473 metr.
929 2430 961 2490 p.
983 2411 1059 2472 2363
1079 2411 1113 2472 P.

144 2510 228 2572 Item
253 2510 483 2573 interiectiones
508 2529 626 2588 omnes,
653 2521 690 2574 ut
716 2510 875 2573 Audacius
899 2511 956 2587 ait,
984 2528 1062 2588 quas
1089 2510 1127 2573 de
1155 2509 1274 2573 Graeco
1300 2528 1441 2572 sermone

142 2611 280 2672 mutuati
300 2629 417 2687 sumus,
430 2610 506 2673 ideo
525 2610 558 2671 in
576 2610 753 2673 novissimis
771 2609 899 2688 syllabis
917 2609 1078 2689 fastigium
1097 2611 1236 2690 capiunt,
1256 2621 1293 2672 ut
1309 2609 1442 2690 ‘papae'
1534 2637 1539 2647 ·

141 2709 261 2786 ‘attat’;
278 2710 389 2772 eodem
406 2709 549 2772 modoet
567 2720 688 2773 ceterae
704 2710 847 2773 similiter
863 2709 913 2771 vel
930 2720 1061 2772 acutum
1083 2710 1132 2773 vel
1154 2709 1386 2772 circumflexum
1408 2710 1440 2771 in

139 2809 252 2871 ultimo'
276 2821 406 2873 sumunt
430 2820 605 2873 accentum.
1135 2866 1139 2875 .

181 2908 229 2970 M.
248 2909 390 2973 Aurelius
410 2909 611 2972 Cassiodorus
629 2909 715 2971 dea.
734 2929 779 2989 gr.
797 2909 855 2990 irg.
874 2929 905 2988 p.
926 2910 1003 2971 2322
1022 2910 1057 2972 P.
1464 2924 1628 2970 οιωιοωιιιι

143 3009 301 3071 Accentus
317 3019 365 3071 est
381 3008 461 3071 vitio
477 3028 586 3071 carens
602 3008 689 3072 vocis
704 3008 872 3072 artificiosa
888 3008 1114 3088 pronuntiatio.
1465 3012 1693 3112 affimgfflffi

182 3108 321 3171 Isidorus
333 3119 432 3188 etym.
448 3110 475 3186 Ι,
493 3110 529 3171 18
542 3110 578 3171 L.
1278 3146 1283 3154 .
1467 3110 1559 3153 'Atta
1568 3108 1640 3152 utne
1648 3109 1694 3152 nt.

141 3207 189 3269 De
202 3209 388 3271 Amandus.
430 3209 597 3285 Accentus,
613 3209 669 3288 qui
685 3208 802 3270 Graece
824 3208 969 3287 prosodia
991 3191 1106 3272 dicitur
1128 3205 1176 3283 [ex
1192 3208 1311 3271 Graeco
1326 3226 1440 3270 nomen
1467 3159 1692 3212 ‘mmuh'

141 3304 284 3388 accepitl.
326 3309 411 3370 Nam
438 3307 555 3370 Graeoe
581 3312 663 3385 πρὸς,
688 3294 801 3371 latine
827 3307 899 3384 ‘ad,'
924 3313 984 3387 ᾠδή
1016 3308 1143 3384 Graece,
1169 3308 1280 3371 latine
1308 3308 1439 3371 ‘cantus’
1466 3326 1580 3376 roam.
1614 3326 1694 3379 uno,

140 3418 200 3469 est.
242 3407 312 3469 Hoc
325 3408 410 3470 enim
423 3427 538 3470 nomen
554 3408 592 3470 de
608 3406 704 3471 verbo
718 3407 761 3470 ad
775 3406 907 3470 verbum
920 3427 1100 3488 expressum
1113 3417 1172 3471 est.
1213 3408 1319 3471 Latini
1333 3418 1441 3470 autem
1466 3376 1617 3506 {¹3⁶³}

141 3506 260 3570 habent
272 3518 306 3570 et
318 3508 380 3570 alia
392 3509 530 3570 nomina.
569 3509 655 3570 Nam
666 3516 815 3570 accentus
829 3517 862 3571 et
878 3506 971 3571 tonos
985 3519 1019 3571 et
1034 3518 1157 3571 tenores
1172 3508 1292 3584 dicunt,
1308 3508 1382 3587 quia
1397 3507 1441 3569 ibi
1482 3490 1489 3504 ’
1619 3491 1626 3504 ’

142 3625 237 3668 sonus
251 3607 362 3670 crescit
376 3617 410 3669 et
426 3607 550 3670 desinit.
591 3609 748 3670 Accentus
773 3616 881 3669 autem
902 3607 1016 3683 dictus,
1035 3607 1119 3687 quod
1137 3607 1225 3671 iuxta
1243 3618 1372 3671 cantum
1390 3607 1442 3684 sit,

141 3706 223 3768 sicut
247 3706 433 3769 adverbium
458 3707 532 3785 quia
549 3707 637 3770 iuxta
663 3706 794 3769 verbum
818 3718 877 3769 est.
918 3708 1040 3770 Acutus
1057 3720 1206 3771 accentus
1224 3707 1338 3784 dictus,
1357 3707 1442 3787 quod

141 3817 236 3869 acuat
254 3818 286 3869 et
305 3808 404 3885 erigat
424 3806 588 3887 syllabam,
607 3807 722 3886 gravis,
741 3807 826 3885 quod
848 3806 1003 3886 deprimat
1033 3818 1067 3870 et
1089 3806 1237 3885 deponat.
1280 3808 1338 3870 Est
1358 3807 1443 3869 enim

141 3906 317 3969 contrarius
346 3918 451 3969 acuto.
494 3905 727 3982 Circumfiexus,
759 3906 889 3985 quiade
911 3918 1006 3969 acuto
1028 3917 1062 3969 et
1084 3907 1172 3986 gravi
1202 3918 1337 3970 constat.
1391 3908 1444 3969 In·

141 4005 260 4083 cipiens
279 4005 365 4067 enim
386 4004 428 4067 ab
450 4017 545 4069 acuto
567 4007 600 4067 in
628 4025 756 4086 gravem
788 4005 914 4082 desinit,
944 4018 1041 4084 atque
1071 4007 1117 4068 ita
1144 4006 1221 4068 dum
1246 4006 1387 4069 ascendit
1410 4017 1444 4070 et

139 4104 312 4183 descendit,
339 4105 554 4168 circumflexus
579 4104 722 4168 efficitur.
769 4107 891 4168 Acutus
910 4116 1019 4167 autem
1038 4116 1072 4168 et
1093 4105 1307 4169 circumflexus
1328 4105 1443 4168 similes

139 4216 226 4267 sunt.
267 4205 353 4266 Nam
364 4215 495 4284 uterque
506 4205 614 4268 levant
624 4205 788 4283 syllabam,
830 4204 943 4268 Gravis
954 4204 1129 4268 contrarius
1142 4206 1268 4268 videtur
1276 4204 1441 4268 ambobus.

22 4392 30 4411 .
140 4304 227 4365 Nam
245 4323 367 4383 semper
383 4304 530 4384 deprimit
547 4304 694 4384 syllabas,
711 4324 783 4367 cum
801 4304 845 4366 illi
862 4305 978 4382 levent,
996 4314 1033 4366 ut
1053 4302 1182 4380 (Lucan.
1201 4308 1228 4383 I,
1249 4302 1314 4381 15):

342 4403 432 4468 Unde
453 4405 540 4468 venit
560 4405 667 4481 Titan,
686 4414 721 4467 et
740 4422 802 4466 nox
821 4403 866 4466 ibi
886 4404 987 4467 sidera
1007 4404 1124 4466 condit.

141 4502 256 4565 ‘Unde’
275 4503 326 4566 hic
345 4503 450 4584 gravis
468 4515 528 4567 est.
570 4504 680 4566 Minus
698 4504 783 4566 enim
802 4515 896 4567 sonat
916 4523 1013 4583 quam
1032 4514 1145 4567 acutos
1164 4515 1198 4567 et
1218 4503 1442 4567 circumflexus.

141 4602 365 4682 Monosyllaba
384 4614 493 4666 autem
512 4621 587 4683 pars
607 4604 757 4667 orationis
776 4603 802 4666 si
821 4604 1009 4666 naturaliter
1028 4603 1132 4666 brevis
1150 4614 1210 4681 est,
1228 4615 1265 4667 ut
1287 4604 1366 4681 ‘vir'‚
1385 4613 1442 4665 aut

137 4702 296 4782 positione
315 4703 418 4783 longa,
438 4714 475 4766 ut
497 4704 577 4780 ‘ars',
596 4714 727 4767 acutum
746 4714 911 4766 accentum
930 4702 1069 4766 habebit.
1112 4703 1145 4767 Si
1164 4723 1238 4766 vero
1256 4703 1443 4766 naturaliter

137 4802 245 4882 longa,
254 4813 291 4865 ut
301 4801 631 4879 ‘res,’circumflexum.
663 4801 826 4881 Disyllaba
835 4821 907 4882 pars
916 4803 1067 4865 orationis
1075 4803 1102 4864 si
1113 4803 1249 4882 priorem
1257 4803 1443 4865 naturaliter

135 4902 268 4982 longam
284 4901 429 4965 habetet
447 4902 592 4965 ultimam
602 4901 740 4979 brevem,
751 4901 1015 4979 circumflectitur,
1026 4912 1063 4964 ut
1076 4902 1302 4979 ‘Musa’3aliter
1309 4901 1442 4965 acuitur.
