3942 6130
451 781 525 841 ins
544 781 731 843 Tnnmrrorr
752 796 793 842 or
813 797 878 842 nra
898 782 1003 844 Lnrnr
1024 784 1156 845 Accaus
1419 784 1455 844 41

147 990 198 1043 est
210 1000 268 1043 nec
279 972 378 1043 ullur'n
390 982 470 1043 adeo
483 1000 555 1043 cum
567 964 739 1062 peregrinis
751 983 982 1059 commercium,
996 993 1033 1045 ut
1045 984 1121 1046 Cdto
1134 983 1246 1064 dquila
1288 985 1378 1062 Quae
1390 1004 1454 1064 quo
1557 1039 1561 1047 .

148 1091 282 1143 accentu
292 1082 448 1143 efferenda
459 1081 702 1161 sint,superiora
712 1082 1128 1163 declarant,cavendumque
1138 1083 1198 1145 hoc
1208 1103 1458 1164 unum,nequem

76 1176 79 1177 ⁷
149 1180 340 1245 Graecorum
360 1181 524 1243 nominum
544 1180 717 1244 similitudo
737 1202 756 1244 a
776 1181 978 1262 praescriptis
997 1182 1112 1263 regulis
1131 1184 1279 1258 deduoet,
1301 1192 1338 1246 ut
1359 1184 1457 1264 siquis

147 1280 236 1342 dicat
248 1281 385 1360 cuspidis
406 1300 522 1343 acuens
544 1282 689 1361 quamvis
711 1283 838 1345 brevem
861 1282 1103 1362 paenultimam,
1126 1303 1163 1344 eo
1186 1282 1219 1344 in
1241 1283 1385 1345 fraudem
1408 1284 1456 1346 in-

23 1441 32 1454 ,
147 1380 274 1457 ductus,
288 1381 373 1461 quod
387 1382 585 1460 quorrmdam
598 1381 699 1444 simile
711 1392 760 1444 est
778 1382 980 1458 Graecorum,
994 1393 1031 1444 ut
1047 1382 1204 1461 Phyllidos
1220 1382 1360 1459 Aultdos,
1375 1403 1456 1463 quae

147 1479 183 1541 in
199 1480 395 1560 paenultima
411 1480 500 1542 brevi
516 1491 683 1557 acuuntur,
702 1501 773 1543 cum
794 1481 901 1560 potius
917 1482 1054 1561 iaspidis
1068 1482 1158 1562 quasi
1171 1483 1299 1545 cassidis
1321 1483 1457 1564 Tigridis

148 1569 247 1650 isidis
262 1588 397 1651 Thetidis
419 1589 612 1668 Tlpmbidis
631 1581 808 1668 deltet‘idis
828 1590 930 1669 prima
950 1599 1045 1653 acuta
1065 1590 1286 1669 proferendum
1304 1591 1356 1667 sit,
1382 1592 1456 1672 quia

149 1688 256 1752 brevis
273 1697 322 1751 est
337 1689 543 1767 paenultima.
585 1690 705 1753 Graeca
724 1700 831 1752 autem
850 1709 936 1752 mera
954 1699 1029 1751 sunt
1045 1710 1128 1770 quae
1141 1699 1174 1751 et
1193 1711 1211 1752 e
1230 1690 1350 1753 Graeco
1366 1692 1455 1755 fonte

148 1797 282 1851 manant
302 1797 336 1851 et
356 1788 402 1849 ita
422 1808 478 1867 per
498 1808 588 1851 casus
608 1808 816 1868 numerosque
838 1789 995 1851 clinantur
1020 1787 1089 1864 [hoc
1109 1800 1158 1853 est
1178 1788 1395 1868 declinantrul,
1417 1800 1456 1854 ut

148 1907 324 1967 numquam
334 1888 376 1949 ab
386 1887 505 1968 origIne
519 1908 575 1951 sua
588 1908 645 1951 nec
656 1889 779 1951 litterae
789 1889 916 1967 quidem
927 1889 1020 1951 unius
1030 1889 1279 1955 commutatione
1288 1890 1451 1954 decedant.

95 2069 97 2072 y
148 1989 279 2051 Haecin
289 1987 479 2050 oarnunibus
487 1996 652 2067 poetarum
661 1988 778 2068 passim
788 1989 994 2068 reperiuntur,
1006 1999 1042 2051 ut
1055 1989 1089 2049 in
1101 1989 1150 2050 his
1159 1987 1295 2069 Vergilii,
1311 1990 1453 2070 ‘quorum

148 2087 229 2151 alter
245 2088 401 2150 Acarnan'
419 2096 453 2149 et
471 2087 628 2151 ‘fatidicae
647 2089 812 2151 Mantus.'¹
853 2089 941 2167 Quae
957 2089 1063 2151 omnia
1080 2097 1118 2149 ut
1138 2109 1157 2151 a
1177 2088 1296 2152 Graeca
1317 2088 1455 2153 declina-

148 2188 237 2250 tione
253 2196 378 2250 mutata
395 2207 458 2249 non
478 2197 562 2264 sunt,
580 2188 625 2250 ita
643 2208 662 2250 a
687 2188 807 2250 Graeco
824 2197 901 2249 tono
919 2187 1076 2268 corrumpi
1098 2208 1160 2249 non
1183 2188 1309 2251 debent.
1351 2190 1454 2268 Quare

147 2289 295 2350 Acorndn
311 2288 351 2349 M
351 2291 442 2349 ontis
458 2287 556 2366 Orpltt
572 2288 651 2349 flexa
669 2285 782 2350 ultima
800 2287 929 2367 legenda
947 2298 1031 2365 sunt,
1046 2288 1152 2350 Pollds
1166 2297 1274 2351 autem
1290 2299 1323 2351 et
1336 2289 1451 2352 Allecto

149 2387 259 2451 eadem
284 2386 397 2449 ultima
422 2396 527 2463 acuta,
553 2407 686 2466 quorum
701 2399 847 2450 neutrrun
868 2388 902 2448 in
926 2388 1049 2450 Latinis
1065 2387 1132 2450 fieri
1157 2388 1237 2451 solet
1262 2389 1452 2452 nominibus.

150 2488 234 2550 Item
257 2507 329 2549 cum
354 2486 484 2566 legimus
510 2488 577 2550 ‘nec
602 2486 693 2567 longe
715 2487 822 2549 Cissea
847 2488 971 2549 durum’
997 2497 1030 2550 et
1049 2482 1273 2567 ‘liquidumque
1299 2486 1355 2567 pei
1380 2508 1452 2553 aera

149 2586 265 2666 lapsae'
279 2596 312 2650 et
326 2586 498 2666 ‘Epytiden
510 2587 626 2662 vocat,’
643 2588 749 2649 Cissea
767 2593 837 2648 aero
853 2588 1015 2666 Epytiden,
1029 2588 1174 2668 quamvis
1186 2598 1296 2651 contra
1313 2588 1451 2668 regulam

148 2686 307 2763 Latinam,
319 2695 438 2763 tamen,
449 2686 523 2765 quia
534 2686 654 2749 Graeca
665 2697 750 2762 sunt,
761 2687 956 2766 paenultima
969 2697 1064 2749 acuta
1073 2687 1279 2766 pronuntiare
1290 2687 1451 2751 debemus.

148 2785 474 2860 ffimmffi,r

385 2885 501 2948 Creber
516 2895 651 2965 utraque
665 2905 762 2948 manu
777 2885 882 2966 pulsat
899 2897 1066 2966 versatque
1082 2889 1212 2962 Dareta,

149 2986 412 3065 ‘Dodonaeosque
427 2984 567 3063 lebetas,'
584 2987 698 3048 Ddreto
715 2995 749 3048 et
766 2987 873 3048 lebetas
885 3005 941 3065 per
960 3006 993 3048 se
1010 2986 1110 3066 legere
1128 2986 1288 3063 debemus,
1306 2987 1452 3067 quamvis
1488 3059 1492 3065 ,

148 3085 316 3164 utrobique
334 3094 449 3147 natura
468 3085 560 3165 longa
577 3085 619 3147 sit
643 3086 850 3164 paenultima3
876 3086 931 3147 sed
956 3085 1030 3165 quia
1048 3086 1167 3148 Graeca
1193 3095 1267 3148 sunt
1291 3106 1449 3168 germana,

26 3248 29 3252 ,
148 3184 334 3247 Latinorum
352 3194 538 3247 accentuum
566 3185 632 3265 lege
659 3206 692 3247 se
713 3184 857 3248 liberant.
900 3186 1088 3248 Communia
1110 3206 1185 3249 vero
1208 3195 1283 3248 sunt
1305 3206 1386 3266 quae
1408 3188 1451 3249 ab

147 3284 300 3347 alterutro
316 3293 386 3346 orta
403 3303 545 3347 sermone
561 3286 593 3346 in
610 3285 738 3347 alterius
748 3284 987 3347 declinationem
999 3287 1184 3362 concedunt,
1196 3286 1291 3366 idque
1301 3286 1338 3348 fit
1348 3287 1450 3349 modis

28 3360 40 3384 ⁶
147 3384 281 3447 duobus.
323 3385 408 3445 Nam
419 3393 476 3446 aut
486 3384 601 3447 Latina
618 3385 815 3448 declinantur
827 3386 860 3446 in
875 3385 1004 3461 Graeca,
1018 3395 1055 3448 ut
1065 3386 1224 3465 Scipiades
1237 3388 1276 3447 M
1277 3387 1447 3461 emmiodes,

147 3493 205 3546 aut
230 3484 350 3547 Graeca
373 3485 413 3546 de
431 3485 529 3564 stirpe
547 3504 604 3547 sua
626 3486 816 3564 degenerant
838 3495 870 3547 et
888 3486 1002 3548 Latine
1026 3485 1233 3561 declinantur,
1253 3496 1291 3548 ut
1309 3479 1399 3549 ‘aeris
1416 3487 1449 3549 in

148 3584 269 3664 campis
285 3583 367 3646 latis’
386 3593 419 3646 et
437 3584 631 3647 ‘Euandrum
648 3585 809 3664 petimus'
919 3640 924 3650 .

187 3683 312 3760 Latina,
330 3703 411 3763 quae
428 3684 566 3747 Graecae
582 3684 799 3747 declinationis
814 3683 948 3746 colorem
965 3686 1132 3760 duxerunt,
1151 3684 1306 3749 Graecum
1323 3705 1448 3765 quoque

147 3783 285 3846 retinent
298 3794 473 3846 accentum.
516 3785 619 3861 Quare
632 3794 668 3846 ut
689 3785 847 3846 Miltiades
860 3785 1064 3863 Asclepiades,
1078 3784 1124 3846 ita
1138 3786 1286 3847 Luciddes
1299 3795 1332 3847 et
1349 3786 1389 3847 M
1389 3806 1448 3847 etti

146 3885 262 3945 middes
279 3884 438 3963 Scipiades
455 3892 550 3946 acuta
569 3885 714 3963 quamvis
732 3884 819 3947 brevi
836 3883 1031 3962 paenultima
1049 3885 1260 3964 proferuntur.
1301 3886 1346 3947 At
1363 3905 1446 3964 quae

146 3984 283 4046 radicem
305 3985 427 4047 ducunt
448 4004 467 4046 a
490 3984 620 4047 Graecia
642 3994 675 4046 et
697 3985 768 4063 iugo
790 3984 975 4045 Latinarum
997 3984 1242 4046 declinationum
1265 3985 1446 4061 succedunt,

145 4083 292 4146 bifariam
313 4085 449 4146 deducta
468 4084 631 4163 ambiguas
651 4094 796 4148 tonorum
818 4084 886 4146 vias
906 4093 1062 4146 secuntur.
1104 4086 1209 4163 Atque
1230 4084 1300 4146 ideo
1321 4085 1446 4148 aelidis

146 4192 180 4246 et
194 4185 282 4261 aeris,
297 4184 371 4262 quia
385 4183 502 4264 origine
523 4184 642 4246 Graeca
656 4194 740 4257 sunt,
756 4184 893 4246 Graecae
907 4203 1032 4263 quoque
1045 4183 1209 4263 prosodiae
1223 4185 1357 4246 formam
1372 4195 1447 4264 apte

128 4283 311 4363 ·recipiunt,
336 4294 373 4346 ut
396 4285 475 4345 aeris
498 4285 624 4345 aetheris
647 4284 691 4346 sic
713 4284 858 4346 dicantur
880 4284 993 4345 Latine
1015 4284 1210 4363 paenultima
1233 4293 1338 4359 acuta,
1353 4284 1443 4363 quasi

147 4383 266 4446 Graece
284 4388 366 4458 ἀέρος
386 4386 508 4458 “iiim
531 4383 605 4463 quia
625 4394 731 4446 autem
752 4383 961 4446 declinatione
980 4384 1066 4446 iacta
1089 4392 1164 4446 sunt
1183 4384 1307 4459 Latina,
1325 4382 1444 4465 inpune

144 4482 211 4544 ritu
228 4492 336 4546 nostro
353 4484 387 4545 in
403 4484 505 4563 prima
523 4484 644 4562 syllaba
661 4491 828 4559 acuuntur,
846 4484 920 4563 quia
937 4483 1042 4546 brevis
1059 4493 1108 4545 est
1124 4482 1329 4563 paenultima,
1349 4493 1385 4545 ut
1403 4484 1445 4545 sit

145 4585 227 4645 deris
242 4584 377 4658 aetheris,
395 4584 485 4663 quasi
500 4585 616 4645 dardis
632 4585 751 4648 istob.
793 4583 940 4647 Similiter
954 4583 1118 4645 Simoentis
1135 4583 1359 4645 Thermodontis
1373 4603 1445 4663 pro-

189 4782 255 4834 ¹see
269 4781 327 4833 neu
339 4798 365 4848 p.
379 4782 436 4845 526,
449 4782 465 4832 t.
479 4783 520 4845 24,
532 4782 595 4834 adn.
