3942 6130
475 749 550 810 liin
569 749 755 810 anmrrou
775 763 817 809 or
837 763 903 808 run
923 748 1027 809 Llrnr
1047 748 1181 810 Accaus
1444 745 1483 809 ³7

181 967 254 1010 cens
270 949 374 1011 versui
393 958 426 1011 et
445 949 557 1011 inflexa
573 949 615 1011 ad
633 948 821 1027 superiorem
838 958 962 1028 partem
979 974 1030 1010 υ.
1072 949 1142 1010 Hac
1158 957 1236 1010 nota
1253 948 1362 1010 subter
1377 946 1483 1028 posita

182 1048 345 1128 utriusque
368 1049 456 1111 verbi
479 1049 636 1128 proximas
660 1048 781 1111 litteras
803 1048 838 1110 in
861 1068 925 1111 una
948 1048 1206 1126 pronuntiatione
1228 1047 1412 1127 colligimus,
1437 1047 1483 1110 ita

182 1158 290 1211 tamen
304 1159 373 1211 tum
386 1169 459 1212 cum
472 1149 518 1211 ita
530 1169 580 1210 res
592 1149 728 1228 exegerit
740 1147 933 1228 copulamus,
947 1157 985 1211 ut
996 1158 1045 1211 est

639 1239 765 1300 Tmnus
776 1246 813 1299 ut
827 1236 1022 1349 antevolans

119 1358 213 1433 'er

673 1460 836 1572 antetulit
850 1427 990 1541 gressum

179 1605 214 1657 et
246 1683 248 1687 ’
281 1715 285 1724 ·
346 1684 577 1797 Quamsimul
569 1704 606 1747 ac
621 1683 678 1747 tali
692 1684 845 1765 persensit
860 1706 890 1765 p.
908 1695 930 1747 t.
948 1705 974 1746 c.
990 1687 1016 1747 I.
1033 1705 1059 1747 c.

179 1811 222 1871 Et
244 1809 330 1889 apud
352 1807 533 1872 Sallustium
556 1808 629 1871 ‘iam
651 1807 787 1889 primum
808 1808 955 1871 iuventus
977 1807 1069 1871 simul
1054 1828 1124 1920 νας
1146 1808 1218 1871 belli
1238 1809 1365 1889 patiens
1386 1810 1480 1872 erat’:

177 1931 271 2023 simul
284 1952 322 2022 ac
335 1932 462 2012 hyphen
475 1932 651 2012 legendum.
695 1935 754 1995 Est
767 1931 850 1995 enim
863 1950 1009 2012 unapars
1019 1932 1178 1996 orationis.
1223 1932 1307 1997 Huic
1323 1932 1482 1997 contraria

176 2077 226 2129 est
245 2066 387 2144 diastole,
409 2069 537 2130 dextera
556 2087 631 2147 pars
650 2068 757 2129 circuli
776 2067 818 2129 ad
837 2068 934 2129 imam
955 2066 1094 2130 litteram
1114 2068 1271 2148 adposita.
1312 2069 1382 2131 Hac
1404 2079 1480 2131 nota

177 2166 260 2228 male
277 2167 475 2230 cohaerentia
494 2167 723 2242 discernuntur,
742 2176 779 2229 ut
797 2176 845 2228 est

660 2276 794 2347 ereptae,
810 2266 937 2346 virginis
950 2267 997 2329 ira

176 2375 210 2428 et
857 2426 859 2432 Α

479 2466 634 2546 viridique
648 2466 681 2528 in
695 2467 785 2529 litore
798 2467 1000 2546 conspicitur,
1015 2487 1079 2530 sus.

176 2565 393 2645 Apostrophos
405 2566 483 2629 item
496 2566 602 2646 circuli
614 2587 687 2645 pars
699 2569 837 2641 dextera,
851 2567 905 2629 sed
924 2567 965 2629 ad
985 2587 1141 2629 summam
1154 2567 1291 2629 litteram
1306 2586 1479 2631 consonan-

177 2675 242 2727 tem
251 2665 398 2744 adposita
408 2666 458 2728 cui
467 2666 585 2729 vocalis
594 2667 757 2729 subtracta
766 2676 824 2728 est.
866 2667 908 2755 Et
918 2666 977 2729 hac
987 2676 1064 2729 nota
1073 2667 1181 2749 deesse
1189 2667 1385 2729 ostendimus
1394 2668 1477 2747 parti
1504 2699 1507 2707 ·

174 2764 327 2827 orationis
341 2765 486 2827 ultimam
500 2764 753 2841 vocalem„cuius
767 2786 941 2828 consonans
954 2777 1106 2843 remanet,
1121 2777 1157 2829 ut
1171 2778 1220 2829 est

577 2867 702 2929 tanton'
716 2886 767 2928 me
784 2866 914 2928 crimine
926 2865 1077 2946 dignum?

176 2963 325 3026 Ceterum
339 2972 460 3029 δασεῖαν
469 2976 502 3027 et
515 2970 606 3042 ψιλὴν
618 2966 704 3046 apud
717 2986 774 3027 nos
786 2965 917 3029 lrvocali
930 2966 1040 3028 addita
1049 2966 1101 3029 vel
1112 2967 1257 3029 detracta
1267 2967 1476 3045 demonstrat,

176 3063 268 3125 idest
280 3064 397 3144 scripta
409 3065 663 3144 adspirationem,
676 3086 740 3129 non
752 3065 869 3145 scripta
880 3065 1101 3147 levigationem
1113 3066 1277 3146 significat.

106 3208 110 3216 .
216 3163 387 3226 Diomedes
400 3185 431 3244 p.
446 3165 516 3241 453,
531 3167 626 3227 2914.

176 3262 382 3326 Soloecismus
405 3265 443 3327 fit
466 3266 567 3327 modis
591 3266 785 3345 generalibus
809 3266 1062 3346 quattuordecim
1086 3276 1153 3342 aut,
1171 3276 1209 3328 ut
1226 3265 1366 3345 quidam,
1386 3266 1478 3346 quin·

175 3362 290 3439 decim;
317 3364 528 3426 inmutatione
555 3385 703 3444 generum
732 3376 799 3428 tarn
827 3366 964 3428 nominis
992 3385 1087 3445 quam
1115 3365 1318 3445 pronominis,
1347 3385 1476 3427 casuum

174 3481 376 3526 numerorum
393 3484 596 3543 personarum
614 3476 803 3545 temporum,
821 3487 876 3545 per
894 3465 1081 3546 qualitatem
1098 3466 1275 3541 verborum,
1294 3450 1349 3545 per
1366 3466 1477 3528 modos

175 3562 353 3639 verborum,
386 3558 442 3643 per
472 3565 633 3642 adverbia,
666 3586 722 3645 per
752 3565 1010 3646 praepositiones,
1042 3587 1098 3646 per
1129 3566 1244 3645 gradus
1279 3565 1475 3642 conlationis,

174 3681 230 3741 per
262 3665 503 3742 geminationem
531 3665 701 3743 abnuendi,
728 3686 783 3744 per
810 3676 968 3743 accentus,
995 3686 1052 3746 per
1078 3666 1196 3728 ordinis
1222 3665 1476 3728 immutationem

175 3810 182 3823 .
235 3812 240 3823 .
291 3762 301 3824 .’
347 3810 355 3827 .
411 3785 443 3844 p.
459 3764 529 3839 455,
549 3763 584 3827 17
602 3766 647 3826 K:
664 3775 795 3845 quartus
811 3766 951 3828 decimus
960 3767 997 3829 fit
1007 3787 1063 3845 per
1071 3766 1316 3829 inmutationem
1326 3777 1476 3828 accentus

175 3861 291 3938 taliter,
307 3874 345 3924 ut
362 3864 388 3925 si
402 3863 472 3943 quis
484 3864 669 3927 adverbium
683 3864 744 3927 loci
757 3866 819 3941 uli,
834 3867 919 3946 quod
933 3876 982 3928 est
1000 3866 1140 3945 positum
1159 3886 1217 3945 pro
1231 3865 1381 3928 adverbio
1396 3875 1476 3927 tem·

173 3962 269 4040 poris,
283 3971 376 4026 acute
387 3965 573 4045 pronuntiet
584 3974 617 4027 et
629 3965 675 4027 ita
688 3965 745 4027 fiat
757 3965 864 4042 locale,
878 3986 950 4027 cum
963 3965 1078 4028 debeat
1089 3986 1157 4028 esse
1175 3965 1358 4045 temporale,
1372 3976 1408 4029 ut
1426 3977 1475 4028 est

173 4061 206 4122 in
220 4061 273 4123 illo
286 4083 388 4138 versu,

109 4237 113 4245 .
593 4164 674 4225 Inde
687 4164 742 4226 ubi
755 4170 869 4226 venere
881 4165 923 4227 ad
936 4165 1052 4227 fauces

176 4260 238 4322 Ubi
253 4261 337 4322 enim
352 4263 489 4341 graviter
503 4263 668 4342 legendum
684 4275 742 4339 est,
758 4265 907 4344 quoniam
923 4264 1077 4344 significat
1091 4273 1257 4345 postquam.
1300 4265 1349 4328 Sic
1365 4274 1398 4327 et
1412 4264 1474 4327 alia

173 4358 326 4436 similiter,
340 4372 377 4422 ut
390 4361 417 4422 si
429 4361 614 4424 adverbium
627 4372 695 4442 post
706 4364 795 4444 gravi
807 4374 940 4426 accentu
953 4365 1184 4444 pronuntietur,
1197 4364 1258 4427 erit
1269 4364 1474 4445 praepositio,

174 4459 201 4519 si
216 4469 312 4522 acuto
328 4460 522 4538 adverbium,
1482 4536 1490 4551 ‚

766 4576 768 4579 ’
860 4574 894 4626 et
906 4563 999 4643 longo
1012 4564 1085 4643 post
1099 4576 1241 4644 tempore
1253 4565 1352 4627 venit.
1379 4612 1382 4619 .

213 4658 384 4721 Diomedes
397 4680 429 4739 p.
443 4661 512 4737 456,
530 4662 566 4722 18
580 4662 621 4722 K.

172 4759 286 4834 Tenor,
301 4779 395 4839 quem
410 4759 522 4822 Graeci
534 4760 646 4824 dicunt
659 4765 741 4824 tasin
753 4772 811 4825 aut
824 4764 997 4842 prosodiaci,
1011 4762 1045 4826 in
1058 4764 1188 4825 flexibus
1200 4764 1287 4825 vocis
1300 4764 1474 4826 servandus

171 4867 230 4919 est.
272 4860 358 4921 Nam
380 4860 535 4939 quaedam
558 4873 653 4924 acuto
677 4873 794 4937 tenore,
816 4861 965 4942 pleraque
986 4863 1085 4942 gravi,
1108 4862 1169 4925 alia
1192 4864 1270 4925 flexo
1293 4863 1474 4926 desiderant

172 4958 342 5020 enuntiari.
