3942 6130
519 820 560 881 34
834 840 841 851 ’
978 821 1086 900 eras
1107 820 1137 883 S.
1160 819 1357 882 Manrross

519 1017 696 1082 circumflex
709 1038 751 1081 on
766 1019 820 1082 the
832 1018 903 1080 first
917 1016 1056 1098 syllable.
1097 1017 1175 1080 This
1188 1016 1248 1080 law
1261 1019 1337 1081 does
1351 1029 1407 1081 not
1421 1018 1533 1081 obtain
1547 1018 1580 1080 in
1596 1018 1707 1082 Greek.
1749 1019 1819 1081 The

516 1117 657 1198 position
667 1117 701 1182 ol
711 1119 766 1182 the
776 1127 888 1181 acoent
899 1117 992 1198 being
1002 1116 1208 1192 determined‚
1221 1118 1275 1181 the
1287 1117 1362 1180 laws
1372 1117 1421 1180 for
1432 1119 1642 1199 determining
1653 1119 1695 1182 its
1705 1127 1818 1182 nature

519 1237 574 1281 are
584 1217 639 1282 the
650 1238 737 1281 same
747 1218 781 1280 in
792 1217 889 1281 Latin
899 1237 935 1280 as
945 1217 979 1279 in
992 1218 1104 1281 Greek.

561 1318 762 1398 Trisyllalles,
788 1318 1012 1397 Tetrasyllalles
1035 1318 1092 1380 &a
1132 1317 1201 1379 The
1224 1317 1407 1380 traditional
1429 1317 1525 1380 Latin
1546 1317 1769 1381 accentuation
1792 1317 1819 1381 is

519 1418 593 1480 here
604 1418 659 1480 the
671 1438 757 1481 same
767 1437 805 1480 as
815 1419 870 1481 the
883 1418 995 1494 Greek,
1007 1427 1121 1496 except
1133 1417 1205 1480 that
1217 1417 1252 1479 in
1263 1418 1360 1480 Latin
1372 1418 1426 1480 the
1438 1417 1650 1498 penultimate
1661 1417 1721 1480 law
1732 1426 1820 1480 must

519 1516 559 1581 be
571 1518 734 1581 observed.
774 1518 843 1580 The
855 1517 995 1598 position
1008 1516 1042 1580 ol
1056 1517 1109 1580 the
1123 1526 1235 1580 accent
1248 1517 1275 1579 is
1288 1517 1369 1580 fixed
1383 1518 1428 1597 by
1441 1518 1506 1580 this
1519 1517 1588 1593 law,
1602 1518 1667 1581 and
1681 1518 1762 1580 then
1775 1518 1820 1580 its

519 1625 634 1680 nature
644 1617 671 1680 is
682 1617 878 1682 determined
888 1616 1013 1697 exactly
1022 1637 1058 1679 as
1068 1617 1102 1679 in
1114 1617 1225 1679 Greek.

559 1717 669 1798 Seeing
679 1717 756 1781 then
768 1719 856 1782 these
866 1718 1041 1798 important
1054 1718 1237 1781 differences
1253 1736 1289 1778 as
1306 1716 1374 1780 well
1384 1736 1421 1778 as
1431 1716 1668 1793 resemblances,
1680 1717 1708 1780 it
1718 1737 1820 1779 seems

519 1816 701 1880 reasonable
725 1827 760 1880 to
784 1817 934 1880 conclude
960 1818 1031 1880 that
1055 1817 1225 1880 Diomedes
1248 1817 1430 1879 considered
1456 1818 1511 1880 the
1534 1817 1630 1880 Latin
1654 1815 1819 1880 accentual

520 1926 839 1997 systemasasystem
848 1917 945 1980 based
954 1938 996 1979 on
1005 1917 1077 1979 that
1086 1916 1119 1979 ol
1128 1918 1183 1980 the
1193 1917 1321 1991 Greeks,
1332 1917 1593 1980 butsomodified
1601 1918 1666 1981 and
1678 1917 1819 1997 adapted
1837 1901 1843 1911 ’

519 2035 555 2079 as
567 2025 601 2079 to
611 2018 675 2080 suit
687 2018 740 2081 the
749 2017 1004 2097 predominating
1017 2027 1112 2079 stress
1121 2027 1232 2081 accent
1243 2017 1276 2078 of
1288 2017 1341 2079 the
1350 2018 1447 2080 Latin
1457 2016 1619 2097 language.

559 2116 729 2181 Diomedes
741 2137 773 2197 p.
786 2117 856 2193 432,
872 2118 887 2179 1
903 2119 944 2179 Κ.

520 2216 711 2280 Pronomina
733 2216 830 2279 etiam
853 2236 935 2296 quae
957 2216 1075 2296 duplici
1095 2216 1190 2278 modo
1213 2215 1421 2291 declinantur,
1445 2216 1477 2279 id
1501 2227 1549 2279 est
1571 2226 1629 2279 aut
1641 2215 1820 2295 corripiunt

520 2323 578 2379 aut
593 2316 773 2397 producunt
788 2316 925 2379 mediam
942 2316 1095 2396 syllabam
1110 2316 1259 2396 genetivo
1276 2336 1361 2390 casu,
1378 2316 1411 2377 id
1428 2317 1601 2379 ostendunt
1626 2314 1681 2393 (sc.
1706 2315 1740 2376 in
1765 2316 1820 2377 tri·

520 2415 649 2496 syllabis
665 2417 894 2479 observandam
912 2436 978 2479 esse
994 2413 1252 2496 paenultimam:
1271 2425 1308 2478 ut
1324 2417 1425 2495 ipsius
1443 2416 1542 2492 aliua·
1560 2416 1587 2478 si
1604 2436 1679 2478 vero
1696 2415 1819 2478 mediae

519 2514 631 2596 longae
647 2525 731 2592 sunt,
748 2516 868 2596 primae
884 2535 1003 2597 graves,
1021 2517 1176 2579 secundae
1197 2517 1279 2578 fiunt
1300 2515 1441 2590 inflexae,
1454 2525 1492 2578 ut
1505 2517 1607 2595 ipstus
1624 2516 1719 2578 illius.
1735 2517 1818 2595 Ergo

519 2615 641 2696 primae
655 2619 869 2691 acutae³sunt‚
884 2636 956 2678 cum
971 2616 1093 2678 mediae
1108 2616 1232 2691 breves3
1248 2636 1319 2678 cum
1335 2635 1410 2677 vero
1423 2616 1545 2678 mediae
1559 2615 1681 2695 longae,
1697 2616 1820 2694 primae

521 2734 644 2797 graves.

561 2814 734 2878 Diomedes
745 2835 777 2895 p.
791 2816 861 2891 432,
875 2817 894 2876 6
908 2817 949 2877 K.

520 2915 749 2994 Exponendum
771 2914 868 2979 etiam
880 2914 1001 2995 placuit
1022 2915 1076 2995 qui
1098 2915 1193 2995 pedes
1214 2925 1309 2977 acuto
1328 2925 1434 2980 tenore
1451 2923 1509 2978 aut
1524 2914 1724 2980 circumflexo
1741 2901 1817 2977 item

520 3014 643 3077 ratione
660 3034 754 3095 supra
770 3016 888 3095 scripta
905 3025 1090 3095 congruunt.
1131 3015 1242 3077 Omnis
1258 3035 1332 3095 pars
1348 3014 1500 3077 orationis
1518 3034 1598 3095 quae
1615 3014 1716 3095 possit
1737 3014 1818 3076 inira

520 3114 654 3194 scriptos
667 3116 763 3202 pedes
775 3113 930 3195 complere
943 3116 1025 3178 hanc
1038 3125 1186 3178 accentus
1199 3115 1300 3195 legem
1314 3114 1466 3178 continet.
1507 3115 1546 3175 In
1566 3113 1730 3193 disyllabis
1748 3133 1819 3193 par·

522 3214 608 3277 tibus
629 3215 781 3282 orationis
801 3215 886 3294 prior
908 3214 1028 3294 syllaba
1049 3235 1173 3296 semper
1191 3216 1315 3277 acuitur
1335 3224 1393 3276 aut
1408 3214 1590 3277 inflectitur.
1631 3214 1773 3282 acuitur.
1793 3214 1819 3275 si

520 3313 713 3394 pyrriclu'um
723 3313 938 3395 compleverit,
948 3315 1031 3377 sicut
1040 3323 1116 3395 pan
1129 3316 1225 3377 bonus
1235 3322 1331 3377 amor:
1342 3314 1418 3377 item
1429 3314 1597 3394 spondium
1607 3313 1820 3377 indifferenter

520 3413 660 3494 positum
676 3415 703 3476 si
715 3415 870 3490 habuerit,
886 3415 919 3478 id
934 3401 985 3477 est
999 3414 1067 3479 sive
1082 3425 1197 3478 natura
1212 3416 1254 3477 sit
1268 3425 1327 3477 aut
1339 3413 1498 3494 positione
1513 3412 1611 3477 luerit
1626 3411 1719 3493 longa
1733 3422 1820 3476 utra-

522 3532 583 3593 que
604 3513 736 3592 syllaba,
755 3515 842 3596 prior
860 3515 997 3589 acuitur3
1017 3525 1142 3589 natura,
1162 3516 1246 3576 sicut
1264 3516 1378 3593 Cymoe
1399 3514 1514 3575 Thebae
1535 3514 1631 3589 latras·
1651 3513 1818 3593 positione,

522 3621 560 3675 ut
575 3614 691 3676 sollers:
706 3613 846 3676 iambum
863 3634 998 3695 quoque,
1015 3624 1052 3676 ut
1066 3616 1142 3677 Coto
1157 3615 1254 3677 Ceres.
1295 3614 1491 3677 Trochaeum
1507 3633 1582 3676 vero
1595 3611 1769 3693 legitimum
1793 3614 1821 3675 si

521 3712 734 3793 compleverit,
752 3713 785 3776 id
803 3724 851 3777 est
869 3715 895 3777 si
912 3724 1027 3777 natura
1045 3713 1170 3794 longam
1187 3713 1321 3793 priorem
1341 3712 1495 3793 syllabam
1515 3712 1672 3789 habuerit,
1689 3712 1820 3774 circum-

522 3812 669 3889 flectitur,
691 3823 729 3876 ut
750 3817 828 3875 netto
849 3814 954 3878 hamo
975 3821 1106 3892 proelum·
1127 3813 1177 3876 sin
1199 3823 1306 3876 autem
1328 3813 1486 3893 positione
1499 3811 1592 3891 longa
1613 3812 1710 3875 fuerit
1732 3812 1819 3892 prior

522 3911 643 3992 syllaba
657 3915 823 3976 memorati
839 3914 937 3994 pedis,
952 3914 1085 3990 acuitur,
1100 3924 1138 3976 ut
1154 3914 1275 3993 paltho
1289 3922 1386 3992 asper.
1428 3913 1468 3975 In
1485 3911 1657 3992 trisyllabis
1672 3912 1819 3990 dactylus

519 4011 735 4076 indifferenter
751 4013 874 4094 positus
892 4024 926 4076 et
944 4022 1147 4095 anapaestus,
1167 4013 1345 4093 tribrachys
1363 4033 1489 4093 quoque
1507 4012 1637 4074 tertiam
1655 4011 1820 4074 abultima

522 4112 593 4174 acui
601 4112 928 4194 desiderat:dactylus
935 4123 1051 4177 natura
1060 4113 1114 4193 qui
1122 4123 1182 4188 est,
1191 4112 1275 4176 sicut
1282 4113 1392 4175 limina
1400 4113 1520 4174 nrotnio
1535 4112 1636 4174 sidera
1655 4112 1819 4185 Claudius,

521 4212 677 4291 positione
698 4213 752 4293 qui
771 4213 820 4289 fit,
840 4223 879 4275 ut
898 4214 1034 4292 Sergius·
1073 4212 1206 4277 similter
1226 4222 1426 4292 anapaestus,
1448 4222 1485 4274 ut
1505 4213 1609 4274 Cicero
1629 4213 1722 4292 regio:
1743 4211 1816 4274 item

521 4312 709 4392 tribrachys,
729 4324 766 4375 ut
785 4313 875 4375 alius.
917 4313 1166 4376 Palimbacchius
1184 4321 1217 4375 et
1236 4311 1479 4392 amphibrachys
1491 4310 1524 4374 in
1545 4311 1742 4390 paenultima
1761 4311 1818 4373 cir·

522 4415 708 4476 eumflexum
725 4412 898 4488 habebunt,
915 4413 961 4476 ita
976 4422 1081 4474 tamen
1102 4421 1140 4475 ut
1159 4412 1202 4474 sit
1215 4421 1329 4475 natura
1356 4411 1448 4491 longa
1475 4412 1584 4474 eadem
1610 4410 1817 4490 paenultima;
1904 4424 1910 4437 ¹

522 4511 777 4590 palimbacchius,
787 4522 825 4574 ut
833 4514 989 4574 Romanus
997 4513 1122 4593 legana
1132 4513 1208 4575 item
1218 4511 1470 4592 amphibrachys,
1481 4521 1518 4573 ut
1526 4511 1671 4589 carrega
1686 4511 1818 4573 Sabinas

521 4612 641 4674 nrontle.
682 4614 803 4674 Horum
831 4613 859 4674 si
884 4612 1042 4692 positione
1069 4610 1161 4692 longa
1188 4611 1283 4674 luerit
1310 4612 1419 4674 eadem
1446 4610 1653 4690 paenultima,
1681 4610 1816 4672 mutabit

522 4719 665 4774 tenorem
676 4721 708 4774 et
719 4721 847 4775 acutum
857 4711 989 4774 habebit
998 4721 1177 4787 accentum;
1187 4710 1443 4791 palimbacchius,
1459 4720 1495 4773 ut
1507 4710 1688 4786 Marcellam·
1699 4709 1819 4789 amphi-

522 4811 666 4889 brachys,
686 4821 724 4873 ut
743 4813 783 4872 M
783 4811 884 4873 ettllus
903 4810 1051 4874 Catillus.
1093 4811 1246 4874 Bacchius
1266 4821 1299 4873 et
1318 4809 1470 4873 molossus
1490 4809 1705 4872 indifferenter
1725 4809 1819 4890 positi

521 4911 749 5007 paenultimam
765 4931 887 4990 semper
903 4921 1031 4986 acuunt,
1056 4911 1203 4973 bacchius
1225 4910 1392 4990 legitimus,
1415 4909 1497 4972 sicut
1519 4909 1655 4971 Athenae
1677 4910 1819 4984 Fidenae,
