3996 6146
486 764 560 825 ”lira
581 764 768 861 ljnnnmon
789 768 830 825 or
851 781 916 825 nin
935 763 1041 825 Lsrnr
1060 763 1194 825 Accaus
1452 761 1489 825 17

188 959 388 1023 inferioribus
397 962 498 1024 modis
508 981 588 1042 opus
596 971 655 1038 est,
667 963 777 1043 spatiis
787 982 911 1042 quoque
922 961 1105 1025 lentioribus
1114 972 1171 1024 aut
1182 962 1387 1025 citatioribus.
1430 962 1492 1026 Sed

190 1058 240 1122 his
255 1062 331 1141 ipsis
346 1061 450 1124 media
465 1063 651 1124 interiaoent
667 1063 777 1125 multa.

230 1161 442 1239 Quintilianus
455 1163 534 1224 Inst.
548 1162 602 1225 Or.
615 1164 694 1240 XII,
711 1165 757 1240 10,
771 1164 820 1225 33.

191 1261 349 1324 Acoentus
364 1281 489 1341 quoque
505 1281 577 1324 cum
592 1264 691 1343 rigore
708 1263 856 1342 quodam,
873 1272 943 1324 tum
958 1263 1161 1325 similitudine
1176 1264 1244 1342 ipsa
1260 1263 1364 1324 minus
1378 1280 1492 1324 suaves

190 1360 353 1437 habemus,
373 1363 447 1440 quia
466 1363 578 1424 ultima
596 1362 716 1441 syllaba
733 1382 791 1425 nec
809 1372 904 1425 acuta
922 1381 1073 1442 umquam
1090 1364 1246 1425 excitatur
1262 1382 1320 1424 nec
1337 1361 1417 1424 flexa
1434 1363 1492 1424 cir-

191 1460 400 1538 cumducitur,
414 1462 470 1524 sed
483 1463 515 1524 in
528 1481 656 1543 gravem
669 1464 720 1526 vel
732 1462 811 1525 duas
823 1464 928 1543 gravis
940 1463 1026 1525 eadit
1038 1482 1169 1543 semper.
1211 1464 1325 1542 Itaque
1339 1473 1431 1525 tanto
1442 1472 1492 1525 est

190 1580 292 1623 sermo
310 1562 448 1624 Graecus
464 1563 579 1625 Latino
596 1564 768 1640 iucundior,
786 1573 823 1625 ut
839 1563 938 1625 nostri
954 1572 1078 1643 poetae,
1096 1564 1241 1643 quotiens
1257 1562 1348 1626 dulce
1364 1581 1489 1624 carmen

188 1680 256 1723 esse
269 1661 448 1740 voluerunt,
462 1663 585 1725 illorum
599 1663 631 1725 id
644 1663 823 1726 nominibus
834 1673 994 1726 exornent.

231 1762 408 1824 Priscianus
420 1764 463 1840 X,
478 1762 516 1824 57
530 1784 562 1843 p.
577 1762 646 1840 547,
662 1766 679 1825 2
693 1763 735 1826 H.

188 1862 299 1925 Ambio
315 1862 356 1924 ab
374 1883 406 1925 eo
423 1865 633 1942 compositum
647 1864 749 1926 solum
764 1865 903 1926 mutavit
923 1864 1151 1942 paenultimam
1167 1882 1182 1923 e
1197 1863 1230 1925 in
1245 1863 1272 1938 i;
1288 1864 1396 1942 itaque
1412 1863 1445 1924 in
1461 1862 1493 1924 io

190 1961 318 2039 quidem
333 1962 543 2026 desinentium
557 1963 697 2043 regulam
708 1964 847 2025 servavit
857 1964 890 2025 in
900 1964 1066 2043 participio
1075 1971 1109 2024 et
1119 1963 1151 2025 in
1161 1963 1283 2044 supino,
1295 1963 1411 2042 quippe
1420 1982 1492 2043 pro·
1519 1976 1684 2072 paruum-33
1694 2028 1739 2073 v*

188 2060 286 2124 ducta
296 2063 504 2142 paenultima:
514 2064 653 2141 diablus,
665 2065 786 2141 ambito,
798 2065 955 2139 ambitum
966 2064 998 2126 in
1008 2064 1134 2125 nomine
1143 2071 1252 2125 autem
1262 2064 1327 2125 sive
1337 2061 1493 2124 vocabulo
1518 2077 1566 2121 rra·
1574 2077 1651 2123 ouer:

189 2163 234 2223 rei
251 2162 445 2233 differentiae
462 2181 556 2225 oausa
569 2164 602 2226 in
616 2183 648 2225 eo
661 2164 898 2226 terminantium
910 2163 1049 2243 regulam
1061 2181 1189 2226 servans
1201 2163 1351 2243 corripuit
1362 2162 1493 2243 paenul-

190 2262 1038 2343 timamombttus,ut0vidiusinImetamorphoseon:
1518 2242 1739 2340 {mmm

479 2364 575 2426 lussit
587 2373 620 2426 et
632 2363 771 2426 ambitae
783 2364 975 2427 circumdare
986 2363 1079 2426 litora
1092 2373 1201 2426 terrae.
1671 2364 1679 2372 '

191 2462 338 2524 Lucanus
358 2464 390 2525 in
412 2464 442 2524 I:

945 2563 1107 2642 letalisque
1126 2562 1265 2625 ambitus
1284 2562 1354 2625 urbi

393 2664 508 2725 Annua
521 2663 624 2725 venali
649 2663 783 2726 referens
800 2665 972 2726 oertamina
989 2664 1152 2743 oampo—'

191 2763 338 2841 quamvis
355 2764 490 2826 Scaurus
513 2763 546 2826 in
570 2774 704 2843 utroque
726 2764 858 2826 similem
878 2783 944 2826 esse
966 2773 1106 2825 tenorem
1125 2764 1264 2843 putavit.
1306 2762 1367 2826 Sed
1387 2762 1494 2825 Velius

192 2862 283 2925 Celer
299 2864 490 2942 respondens
504 2864 667 2926 Hadriano
680 2863 862 2944 imperatori
882 2883 938 2943 per
958 2863 1126 2943 epistulam
1147 2863 1186 2925 de
1207 2863 1267 2924 hoc
1287 2863 1494 2942 interroganti

191 2961 400 3026 declinatione
421 2973 454 3025 et
473 2974 580 3026 tenore
597 2966 728 3028 ambitus
744 2983 858 3026 nomen
876 2981 896 3024 a
911 2964 1077 3043 participio
1094 2964 1233 3026 ostendit
1250 2963 1392 3039 disoemi,
1406 2962 1492 3041 quod

193 3082 252 3124 usu
265 3082 400 3142 quoque,
414 3073 450 3126 ut
463 3064 667 3141 ostendimus,
681 3063 892 3126 confirmatur.

234 3162 290 3224 We
306 3182 357 3225 see
373 3163 454 3225 irom
471 3164 534 3227 this
548 3182 678 3244 passage
694 3164 759 3226 and
775 3164 828 3226 the
844 3183 903 3225 one
920 3173 954 3225 to
969 3163 1073 3225 follow
1089 3163 1161 3225 that
1177 3163 1321 3240 Scaurus,
1339 3162 1392 3224 the
1409 3171 1493 3224 most

194 3262 368 3342 important
386 3266 596 3344 grammarian
614 3264 647 3326 oi
665 3264 719 3326 the
738 3265 813 3327 time
831 3263 864 3325 ol
882 3264 1035 3340 Hadrian,
1053 3263 1129 3325 does
1146 3272 1197 3325 not
1214 3262 1289 3325 hold
1306 3280 1347 3324 an
1365 3263 1493 3342 opinion

194 3361 296 3425 which
307 3381 401 3425 wasa
412 3363 547 3426 lavorite
559 3384 617 3426 one
629 3364 706 3427 with
716 3363 942 3444 grammarians
953 3363 1023 3427 who
1033 3363 1118 3425 lived
1129 3362 1208 3424 both
1219 3362 1324 3425 before
1335 3361 1399 3424 and
1411 3361 1493 3424 alter

193 3460 270 3539 him,
290 3465 362 3540 viz,
382 3464 454 3526 that
471 3464 636 3527 acoentual
653 3464 718 3526 and
736 3463 988 3544 orthographical
1006 3463 1141 3544 changes
1157 3481 1210 3525 are
1229 3463 1321 3525 made
1339 3464 1372 3525 in
1391 3461 1492 3524 words

193 3560 243 3624 ior
266 3562 319 3625 the
342 3564 417 3626 sake
440 3564 474 3627 oi
495 3564 678 3627 distinction
701 3564 734 3626 oi
754 3573 845 3644 parts
866 3563 899 3625 ol
921 3563 1043 3644 speech.
1086 3563 1136 3626 Cf.
1159 3563 1339 3640 Palaemon,
1361 3564 1493 3642 possim

192 3661 324 3740 Probus,
332 3665 412 3726 Inst.
424 3665 462 3725 Α.
474 3684 507 3745 p.
522 3665 589 3742 145,
602 3667 637 3726 16
647 3665 692 3741 K;
702 3684 735 3744 p.
748 3665 814 3742 149,
828 3664 865 3726 27
878 3664 920 3726 K.
962 3664 1023 3726 For
1033 3681 1076 3724 an
1087 3664 1215 3743 opinion
1227 3683 1312 3726 more
1323 3664 1356 3726 in
1366 3661 1494 3725 accord·

194 3780 272 3825 ance
283 3764 360 3826 with
373 3763 445 3826 that
455 3764 488 3826 oi
499 3764 642 3840 Scaurus,
655 3764 694 3826 ci.
706 3766 799 3842 Quin.
812 3765 891 3825 Inst.
902 3763 955 3826 Or.
968 3766 995 3841 Ι,
1007 3765 1035 3841 5,
1048 3764 1155 3826 25-29.

233 3864 271 3940 Q.
283 3865 450 3927 Terentius
462 3865 596 3927 Scaurus
607 3864 646 3927 de
657 3863 748 3927 Orth.
759 3884 792 3944 p.
805 3866 853 3941 75,
868 3866 882 3926 1
895 3865 937 3927 K.
950 3854 952 3859 ’

193 3963 320 4025 Artibus
336 3975 444 4027 autem
461 3975 495 4026 et
512 3964 637 4027 ortubus
654 3965 784 4044 quidam
800 3964 1013 4040 variaverunt,
1031 3972 1065 4025 et
1080 3983 1137 4043 per
1153 3964 1168 4025 i
1184 3963 1312 4042 quidem
1333 3961 1443 4024 dativo
1460 3970 1494 4024 et

191 4061 334 4125 ablativo
346 4064 459 4143 plurali
473 4063 567 4127 scribi
578 4074 784 4144 putaverunt,
798 4065 944 4144 quotiens
956 4062 998 4125 ab
1011 4072 1074 4125 orte
1086 4064 1235 4140 dicerent,
1250 4073 1286 4126 ut
1299 4063 1342 4126 sit
1355 4081 1406 4123 ors
1419 4061 1495 4124 artis

192 4162 318 4240 ortibus,
333 4164 457 4226 ortubus
470 4175 578 4226 autem
591 4184 648 4244 per
661 4186 693 4241 u,
708 4166 854 4244 quotiens
867 4163 908 4226 ab
921 4184 959 4226 eo
974 4163 1059 4243 quod
1072 4172 1177 4226 essent
1191 4172 1285 4226 artus.
1301 4162 1391 4227 Unde
1405 4160 1492 4241 apud

187 4263 371 4326 Lucretium
383 4263 492 4343 legrmt

858 4364 931 4426 hinc
943 4382 1028 4424 nova
1039 4362 1143 4443 proles

389 4463 531 4526 Artubus
543 4463 675 4527 infirmis
687 4475 811 4527 teneras
822 4464 940 4526 lasciva
951 4483 1008 4544 per
1020 4462 1133 4525 herbas

389 4564 425 4625 L.
440 4564 460 4626 l.
474 4584 506 4626 n.
522 4583 563 4626 m.
576 4584 609 4644 p.
623 4584 656 4626 n.

192 4662 285 4741 Quod
298 4664 324 4725 si
335 4663 546 4726 distinctionis
558 4682 652 4726 causa
665 4664 746 4726 ratio
759 4665 977 4742 conumpitur,
990 4664 1023 4725 in
1035 4682 1073 4725 eo
1086 4662 1171 4743 quod
1182 4672 1232 4725 est
1245 4661 1377 4725 ‘caveas'
1397 4679 1494 4742 quare

191 4781 256 4825 non
265 4773 322 4825 aut
330 4774 496 4827 accentum
504 4774 562 4826 aut
570 4763 709 4826 litteram
719 4772 888 4839 mutamus,
898 4773 1011 4826 cumet
1020 4763 1152 4825 verbum
1159 4773 1193 4825 et
1202 4781 1316 4825 nomen
1331 4761 1494 4842 significet,

192 4872 225 4924 et
241 4864 273 4924 in
289 4862 348 4924 hoc
365 4864 487 4942 ‘tectis',
504 4883 576 4926 cum
590 4875 624 4926 et
638 4883 752 4926 nomen
767 4873 801 4925 et
815 4865 1017 4943 participium
1032 4865 1083 4941 sit,
1098 4874 1132 4927 et
1147 4865 1186 4926 in.
1201 4863 1369 4926 similibus?
1411 4864 1494 4942 Ergo
