3942 6130
454 774 529 835 Tira
549 773 737 835 Tannrrrou
757 789 799 834 or
819 789 884 834 rna
904 773 1010 833 Lnrnr
1029 774 1163 834 Accnrrr
1421 773 1458 835 25

200 970 324 1034 Marius
334 972 519 1034 Victorinus
529 991 558 1034 a.
571 992 616 1051 gr.
629 993 660 1052 p.
673 973 722 1047 35,
737 971 752 1033 7
766 972 807 1032 Κ.

161 1073 193 1132 N
193 1091 244 1132 am
255 1081 387 1150 parente
398 1081 514 1134 natura
525 1071 628 1134 omnis
639 1092 700 1133 vox
712 1071 770 1133 sub
782 1072 915 1134 duorum
927 1081 1115 1133 accentuum
1127 1091 1205 1133 sono
1217 1091 1269 1132 ore
1280 1071 1459 1133 mortalium
1485 1089 1512 1131 c.
1528 1087 1617 1132 mnu·
1635 1086 1709 1131 mere-

158 1171 324 1252 promitur,
345 1171 500 1253 producto
522 1171 640 1234 scilicet
653 1180 710 1233 aut
731 1179 886 1250 correpto,
908 1190 946 1232 ex
967 1170 1038 1250 quis
1059 1170 1138 1235 alter
1160 1169 1349 1247 extenditur,
1378 1170 1458 1233 alter
1483 1136 1620 1266 ’ἔξω

160 1272 365 1335 contrahitur.
407 1271 509 1351 Igitur
528 1291 599 1334 cum
619 1270 652 1333 in
671 1269 783 1333 metris
802 1270 895 1349 longa
915 1270 1037 1350 syllaba
1055 1290 1135 1351 opus
1154 1280 1246 1345 esset,
1267 1279 1304 1332 ut
1323 1290 1360 1332 ea
1380 1290 1460 1350 quae

160 1371 265 1434 brevis
278 1371 345 1450 lege
358 1380 489 1435 naturae
502 1371 627 1451 prolata
640 1370 808 1433 videbatur
822 1369 914 1450 longa
927 1370 1110 1446 efficeretur,
1124 1389 1144 1432 a
1156 1369 1354 1451 principibus
1367 1370 1462 1433 musi·

160 1490 216 1534 cae
228 1471 305 1533 artis
317 1471 498 1534 auctoribus
510 1471 636 1551 positio,
650 1470 682 1533 id
695 1482 743 1533 est
756 1471 889 1533 duarum
902 1469 1143 1552 consonantium
1155 1469 1324 1550 copulatio,
1337 1478 1461 1550 reperta

162 1581 259 1650 atque
271 1571 402 1634 inducta
415 1582 474 1634 est.

202 1671 325 1733 Marius
338 1671 520 1733 Victorinus
532 1690 562 1733 a.
576 1691 621 1750 gr.
636 1691 667 1750 p.
682 1672 731 1745 40,
749 1671 784 1731 15
800 1671 840 1731 Κ.

160 1772 220 1833 Est
239 1772 324 1835 enim
345 1772 423 1834 arsis
443 1770 581 1834 sublatio
600 1770 690 1851 pedis
711 1770 778 1834 sine
799 1790 888 1846 sono,
909 1770 1009 1833 thesis
1030 1770 1148 1849 positio
1169 1770 1259 1849 pedis
1280 1789 1351 1831 cum
1372 1789 1463 1832 sono:

157 1872 237 1934 item
246 1872 326 1934 arsis
334 1870 430 1934 elatio
440 1872 602 1951 temporis,
612 1869 692 1946 soni,
702 1871 799 1947 vocis,
810 1870 907 1933 thesis
916 1869 1071 1950 depositio
1080 1880 1113 1932 et
1123 1870 1278 1949 quaedam
1289 1870 1463 1932 contractio

162 1970 365 2050 syllabarum.

203 2072 325 2133 Marius
341 2072 522 2134 Victorinus
537 2089 567 2132 a.
585 2092 631 2150 gr.
650 2091 681 2150 p.
700 2072 750 2146 43,
770 2072 807 2132 25
826 2070 867 2131 K.

162 2175 286 2247 Ennaton
302 2180 409 2234 autem
428 2180 551 2233 veteres
569 2160 685 2247 χρόνὸν,
704 2169 737 2233 id
754 2179 804 2233 est
821 2180 956 2250 tempus
974 2190 1039 2232 non
1053 2170 1189 2232 absurde
1202 2169 1350 2232 dixerunt
1363 2189 1401 2231 ex
1414 2189 1463 2244 eo,

162 2272 247 2350 quod
268 2271 359 2350 signa
380 2272 535 2350 quaedam
557 2281 755 2346 accentuum,
773 2289 854 2351 quae
874 2270 988 2333 Graeci
1004 2276 1171 2349 προσῳδίας
1188 2279 1315 2345 vocant,
1335 2268 1465 2348 syllabis

162 2372 203 2433 ad
216 2370 403 2433 declaranda
416 2380 593 2450 temporum
606 2369 710 2450 spatia
723 2379 987 2450 superponuntur,
1001 2371 1084 2433 unde
1097 2380 1240 2449 tempora
1252 2369 1341 2448 signa
1353 2369 1465 2431 Graeci

162 2471 317 2534 dixenmt.

202 2570 384 2633 Victorinus
397 2590 426 2633 a.
441 2590 486 2649 gr.
501 2590 533 2649 p.
551 2571 705 2645 188,8K.

162 2669 271 2733 Lectio
294 2670 370 2751 quid
393 2672 458 2732 est?
500 2670 675 2733 Secundum
699 2680 847 2732 accentus
869 2679 903 2732 et
925 2689 1071 2732 sensuum
1094 2670 1314 2732 necessitatem
1336 2669 1464 2750 propria

162 2769 390 2850 pronuntiatio.
433 2818 440 2830 .
484 2817 491 2830 .
535 2817 541 2830 .
585 2818 592 2830 .
632 2789 664 2849 p.
702 2770 766 2841 188,
803 2770 838 2831 15
872 2770 912 2830 Κ.
954 2772 1111 2832 Accentus
1145 2770 1222 2848 quid
1255 2772 1321 2832 est?
1363 2770 1464 2832 Unius

164 2869 314 2949 cuiusque
328 2868 467 2948 syllabae
480 2870 512 2930 in
529 2888 606 2931 sono
619 2868 848 2949 pronuntiandi
862 2868 1009 2949 qualitas.

203 2969 384 3032 Vrctorinus
396 2970 437 3032 de
449 2990 478 3031 a.
493 2989 537 3048 gr.
552 2989 583 3049 p.
602 2970 667 3044 192,
685 2969 720 3030 15
736 2971 776 3030 K.

165 3070 322 3132 Accentus
340 3069 395 3148 qui
415 3070 506 3131 sunt?
564 3069 730 3144 Accentus,
751 3069 806 3148 qui
826 3068 944 3131 Graece
963 3074 1127 3148 προσῳδίαι
1146 3068 1304 3144 dicuntur,
1324 3068 1357 3133 hi
1378 3079 1463 3145 sunt,
1571 3088 1576 3096 ·

165 3178 286 3244 acutus,
309 3168 423 3248 gravis,
446 3168 669 3231 circumflexus.
711 3169 749 3230 In
771 3169 858 3230 omni
878 3178 970 3247 parte
991 3168 1144 3231 orationis
1164 3167 1308 3244 Latinae,
1331 3169 1408 3231 item
1430 3178 1464 3231 et

166 3269 315 3345 Graecae,
327 3278 385 3331 aut
397 3278 526 3331 acutum
539 3279 596 3331 aut
608 3269 840 3331 circumflexum
852 3268 929 3347 poni
940 3288 1065 3331 necesse
1078 3280 1137 3344 est,
1149 3288 1207 3331 nec
1218 3268 1355 3349 amplius
1367 3288 1461 3348 quarn

166 3389 274 3446 unum,
289 3369 340 3432 vel
355 3368 438 3430 hunc
451 3368 502 3431 vel
515 3368 613 3430 illum.
654 3370 739 3430 Nam
752 3368 858 3448 gravis
871 3368 1001 3447 ponitur
1014 3369 1048 3430 in
1061 3367 1215 3449 pluribus.
1257 3369 1378 3431 Acutus
1391 3389 1462 3431 cum

164 3469 250 3548 apud
273 3468 408 3531 Graecos
430 3468 492 3531 tria
514 3468 582 3531 loca
595 3478 713 3543 teneat,
736 3467 880 3530 ultimam
903 3478 936 3530 et
955 3467 1185 3547 paenultimam
1196 3478 1229 3532 et
1242 3468 1271 3530 ei
1286 3468 1463 3549 proximam

165 3567 330 3648 syllabam,
349 3569 435 3647 apud
455 3588 513 3630 nos
532 3577 658 3630 tantum
678 3568 802 3631 duobus
821 3567 897 3630 locis
915 3568 990 3647 poni
1009 3578 1124 3647 potest.
1166 3568 1304 3646 Quibus?
1345 3571 1411 3630 Aut
1430 3569 1463 3629 in

164 3668 359 3748 paenultima
374 3667 504 3747 syllaba,
520 3679 556 3730 ut
570 3668 764 3747 praelegistis,
779 3668 883 3730 autin
897 3688 934 3730 ea
948 3687 1030 3747 quae
1042 3688 1063 3730 a
1076 3668 1138 3731 fine
1152 3667 1247 3731 tertia
1261 3667 1313 3743 sit,
1328 3679 1364 3730 ut
1378 3679 1464 3747 proe-

166 3768 300 3846 ldgimus.
342 3767 575 3844 Circumflexus,
598 3766 625 3829 si
645 3787 719 3846 pars
739 3766 892 3831 orationis
913 3766 1009 3830 trium
1026 3778 1083 3830 aut
1099 3767 1235 3849 amplius
1255 3767 1350 3831 fuerit
1372 3768 1464 3848 sylla-

165 3867 288 3943 barum,
300 3887 364 3930 non
375 3866 437 3930 nisi
446 3866 676 3946 paenultimum
688 3867 791 3929 locum
802 3866 920 3947 poterit
931 3866 1082 3943 invenire,
1095 3878 1131 3930 ut
1143 3868 1269 3944 turbare,
1281 3868 1462 3947 perdomare.

206 3966 427 4046 Monosyllaba
453 3986 667 4046 quaecumque
692 3966 849 4046 positione
874 3967 967 4046 longa
993 3966 1121 4045 fuerint,
1147 3977 1276 4030 acutum
1301 3966 1464 4030 habebunt

166 4077 341 4144 accentum,
356 4077 393 4129 ut
405 4074 470 4146 pix,
484 4074 558 4142 neta,
571 4074 643 4143 nox,
657 4074 722 4142 nix,
735 4073 806 4146 prix,
815 4069 883 4147 sax.
924 4066 1007 4145 Quid
1020 4060 1102 4146 quae
1114 4076 1228 4130 natura
1248 4066 1341 4146 longa
1354 4070 1477 4143 erunt?

168 4166 373 4229 circumflexo
386 4177 519 4229 accentu
530 4165 816 4246 pronuntiabimus
829 4178 866 4229 ut
878 4168 941 4243 dds,
954 4170 1032 4245 spes,
1045 4169 1102 4243 riu,
1114 4170 1188 4243 ends,
1195 4168 1265 4246 flds.

206 4267 245 4328 In
263 4265 425 4345 disyllabis
443 4266 536 4345 quid?
578 4267 610 4329 Si
628 4266 714 4346 prior
731 4277 845 4329 natura
864 4266 957 4346 longa
975 4266 1069 4329 fuerit
1088 4278 1121 4330 et
1139 4267 1292 4347 posterior
1310 4277 1463 4346 correpta,

165 4366 251 4445 prior
276 4366 544 4441 circumflectetur,
571 4376 608 4428 ut
633 4368 714 4443 horo,
741 4368 846 4428 Romo.
887 4366 970 4444 Quid
996 4367 1023 4428 si
1046 4366 1201 4446 posterior
1224 4368 1378 4446 producta
1403 4352 1463 4429 sit?

168 4466 266 4541 Prio'r,
283 4485 337 4527 seu
352 4466 445 4545 longa
461 4486 515 4528 seu
530 4466 634 4528 brevis
648 4465 754 4542 fuerit,
770 4476 903 4530 acuatur
918 4486 1042 4529 necesse
1058 4477 1116 4543 est,
1132 4477 1170 4529 ut
1185 4466 1270 4547 leges,
1286 4467 1379 4529 salus.
1420 4468 1464 4528 Et

167 4565 194 4627 si
206 4566 320 4628 ambae
331 4565 442 4628 breves
454 4565 529 4641 sint,
542 4576 672 4647 acuetur
684 4566 779 4646 prior,
792 4577 830 4628 ut
842 4567 925 4643 deus,
939 4567 1036 4629 homo.

208 4664 290 4742 Quid
308 4666 341 4727 in
360 4665 530 4744 trisyllabis
548 4676 604 4728 aut
623 4685 704 4745 quae
722 4665 825 4746 plures
844 4666 979 4746 syllabas
997 4665 1177 4730 habebunt?
1219 4666 1250 4728 Si
1268 4664 1463 4745 paenultima

168 4764 272 4827 brevis
288 4764 393 4841 fuerit,
413 4762 569 4839 [acuemus
584 4764 897 4846 antepaenultimam]
914 4785 996 4845 quae
1010 4786 1080 4828 eam
1096 4766 1255 4846 praecedit
1271 4775 1410 4842 acuetur,
1428 4776 1464 4826 ut

167 4874 247 4942 puta
275 4865 405 4939 Trtlliur,
419 4866 609 4927 Hortensiae.
650 4865 734 4943 Quid
760 4865 883 4941 deinde,
911 4865 938 4927 si
963 4865 1158 4945 paenultima
1184 4864 1342 4945 positione
1368 4863 1462 4943 longa
