3996 6146
517 822 555 882 14
974 824 1081 902 Jarms
1102 824 1133 886 S.
1155 824 1353 885 Manuonn

497 1021 591 1110 'item
613 1042 660 1099 na,
684 1024 710 1085 si
732 1042 859 1103 gravem
881 1033 1046 1086 accentum
1069 1024 1195 1100 habeat,
1213 1024 1272 1086 erit
1288 1024 1476 1101 coniunctio,
1493 1035 1529 1087 ut
1544 1034 1623 1103 puta

763 1123 895 1186 tantane
917 1144 974 1186 vos
997 1125 1116 1203 generis
1142 1124 1244 1187 tenuit
1266 1123 1380 1187 fiducia
1407 1125 1516 1201 vestri;

515 1221 541 1283 si
557 1242 630 1284 vero
654 1242 691 1284 ne
713 1234 842 1286 acutum
864 1233 1029 1286 accentum
1045 1223 1171 1301 habeat,
1184 1224 1245 1287 erit
1256 1223 1451 1302 adverbium,
1465 1233 1593 1304 utputa

1019 1324 1199 1402 necredite,
1213 1325 1335 1401 Teucri,

712 1422 865 1504 quidquid
878 1423 911 1485 id
923 1433 981 1486 est.

554 1522 675 1586 Probus
688 1524 767 1587 Inst.
781 1524 819 1586 A.
833 1543 865 1603 p.
883 1525 949 1600 149,
964 1524 1001 1585 27
1016 1525 1057 1586 K.

515 1623 598 1685 Item
610 1642 667 1702 per
679 1633 845 1687 accentum
859 1624 1076 1687 discernuntur
1089 1625 1333 1704 praepositiones
1347 1623 1390 1686 ab
1402 1623 1572 1686 adverbiis:
1587 1635 1624 1688 ut
1636 1635 1717 1705 puta
1731 1633 1809 1702 ante,

515 1723 542 1784 si
560 1742 689 1804 gravem
707 1733 873 1787 accentum
892 1723 1019 1800 habeat,
1039 1725 1099 1787 erit
1117 1725 1318 1805 praepositio,
1339 1734 1376 1787 ut
1394 1724 1481 1804 apud
1499 1724 1669 1805 Vergilium

936 1825 1058 1887 Aeneae
1077 1825 1167 1888 stetit
1178 1835 1253 1888 anta
1265 1824 1373 1904 pedes,

514 1923 541 1986 si
557 1943 631 1986 vero
648 1932 717 1986 ante
731 1934 861 1987 acutum
876 1934 1041 1987 accentum
1057 1924 1183 2001 habeat,
1200 1925 1260 1988 erit
1275 1925 1470 2001 adverbium,
1487 1934 1524 1987 ut
1537 1911 1625 2004 'apud
1642 1925 1809 2005 Vergilium

790 2024 864 2087 ante
876 2034 911 2087 et
923 2024 1083 2087 Trinacria
1096 2024 1264 2087 lentandus
1276 2044 1379 2088 remus
1392 2025 1424 2086 in
1438 2024 1533 2087 unda.

554 2123 675 2188 Probus
687 2125 852 2204 Appendix
863 2144 896 2204 p.
913 2124 979 2201 197,
996 2123 1012 2185 7
1026 2125 1068 2187 K.

515 2224 652 2287 Nomina
689 2243 762 2286 cum
798 2235 930 2288 accentu
965 2224 1133 2304 producto:
1176 2274 1192 2303 .,
1227 2274 1234 2286 .
1277 2274 1285 2287 .
1328 2273 1335 2286 .
1376 2224 1573 2302 Heliodbrus,
1617 2224 1809 2301 Theodbms,

516 2373 524 2386 .
567 2372 574 2387 .
617 2372 625 2387 .
666 2324 849 2404 Polydorus,
870 2324 1044 2387 Cloanthus
1045 2373 1256 2403 .....
1297 2325 1472 2403 Euandrus,
1493 2326 1655 2404 tyraunus,
1699 2372 1706 2388 .
1750 2373 1758 2387 .
1800 2372 1809 2388 .

513 2424 690 2506 grabatum,
701 2424 814 2501 lebate,
825 2425 1000 2502 delubrum,
1011 2429 1141 2500 cratera,
1153 2424 1327 2502 umbilicus,
1339 2408 1489 2501 Serestus,
1500 2426 1670 2504 Sarpedon,
1681 2424 1809 2504 Adonis,

555 2573 562 2588 .
605 2572 614 2588 .
657 2574 664 2589 .
707 2555 714 2587 ι
755 2525 918 2604 Olympus,
932 2525 1094 2605 Cercbpes,
1106 2525 1266 2602 Peneleus,
1277 2524 1441 2605 PasiphAe,
1449 2524 1595 2612 Casinus,
1607 2524 1810 2607 Phlegethon,

514 2624 632 2704 sibylla
648 2643 826 2706 praesagus,
845 2625 990 2702 Camilla,
1008 2625 1144 2703 Anthea,
1164 2625 1324 2703 Camillus,
1343 2626 1492 2703 Tritonis,
1511 2627 1655 2702 Alcanor,
1675 2625 1810 2690 Gulussa

513 2724 673 2806 Agenoris.
713 2725 851 2788 Nomina
874 2744 945 2787 cum
966 2737 1099 2789 accentu
1121 2736 1277 2806 correpto:
1318 2726 1467 2804 Castoris,
1490 2726 1645 2803 Hectoris,
1667 2725 1809 2802 rhetoris,

514 2825 696 2901 Mnesteris,
731 2810 854 2895 Actoris
884 2826 1033 2902 Aurunci,
1063 2825 1247 2904 Laudamia,
1286 2826 1415 2906 Calybe,
1453 2825 1625 2904 baratrum,
1669 2825 1809 2907 bargina,

512 2926 672 3007 palanges,
699 2925 867 3007 Prochyta,
885 2925 1047 3002 Pellaeas
1088 2974 1095 2987 .
1139 2974 1146 2989 .
1190 2975 1197 2988 .
1241 2975 1248 2989 .
1289 2945 1354 3003 um,
1371 2927 1590 3003 Garamantas,
1605 2925 1729 2989 arbuta.

555 3019 696 3103 [Probus]
706 3028 755 3088 De
766 3025 832 3089 Ult.
843 3026 918 3106 Syll.
928 3046 961 3106 p.
973 3027 1040 3104 254,
1054 3027 1091 3088 16
1103 3027 1145 3089 K.
1160 3024 1222 3103 (De
1232 3025 1543 3106 Praepositionibus).

553 3128 637 3189 Pone
647 3127 793 3189 trochaeo
806 3134 945 3189 constat:
954 3144 1029 3187 nam
1039 3136 1171 3189 accentu
1181 3127 1247 3190 solo
1253 3126 1295 3189 ab
1301 3125 1451 3189 adverbio
1458 3126 1653 3204 discernitur,
1660 3126 1810 3206 quoniam

514 3226 672 3290 interdum
690 3227 723 3289 in
734 3224 920 3289 adverbium
935 3226 1031 3304 cadit,
1047 3236 1084 3289 ut
1099 3226 1190 3306 ‘pone
1205 3225 1290 3289 subit
1305 3227 1461 3290 coniunx!

554 3327 765 3405 Quintilianus
779 3328 859 3390 Inst.
874 3325 928 3388 Or.
945 3326 971 3402 I,
987 3326 1016 3403 5,
1033 3327 1139 3389 22-24.

514 3426 627 3489 Adhuc
640 3425 792 3488 difficilior
806 3425 983 3488 observatio
996 3436 1045 3488 est
1058 3444 1115 3504 per
1128 3432 1241 3488 mores
1256 3422 1347 3506 (quos
1362 3426 1488 3505 quidem
1501 3426 1543 3487 ab
1556 3425 1695 3506 antiquis
1709 3426 1810 3488 dictos

515 3533 630 3589 mores
655 3525 801 3606 comperi,
824 3525 969 3588 videlicet
989 3525 1145 3588 declinato
1166 3544 1186 3587 a
1209 3524 1336 3589 Graecis
1355 3525 1461 3602 verbo,
1484 3526 1538 3605 qui
1564 3529 1660 3591 τόνους
1685 3522 1808 3601 dicunt)

366 3675 387 3707 ς,
425 3694 432 3707 ,
518 3625 567 3689 vel
586 3634 732 3703 manno,
751 3643 830 3705 quas
850 3625 961 3689 Graeci
980 3631 1143 3704 προσῳδίας
1162 3636 1288 3702 vocant,
1308 3645 1379 3688 cum
1397 3635 1538 3688 acutaet
1550 3625 1654 3706 gravis
1671 3625 1734 3687 alia
1750 3644 1810 3704 pro

514 3726 577 3791 alla
591 3735 762 3805 ponuntur,
779 3735 816 3787 ut
830 3726 863 3787 in
878 3725 938 3788 hoc
954 3725 1136 3803 ‘camillus'
1152 3724 1177 3788 ti
1192 3726 1316 3788 acuitur
1330 3727 1442 3805 prima,
1458 3736 1515 3788 aut
1530 3726 1634 3806 gravis
1647 3745 1705 3805 pro
1719 3724 1810 3801 flexa,

515 3836 552 3891 ut
570 3824 758 3906 ‘cethegus'
773 3834 808 3887 et
823 3825 874 3887 hic
888 3826 990 3905 prima
1005 3835 1100 3887 acuta
1118 3822 1206 3902 (nam
1221 3826 1265 3889 sic
1280 3825 1383 3888 media
1399 3823 1569 3902 mutatur):
1584 3834 1642 3888 aut
1657 3824 1737 3888 flexa
1751 3843 1810 3903 pro

514 3926 612 4010 gravi,
626 3935 663 3988 ut
675 3924 715 3986 M
715 3926 833 4005 orcipor
845 3925 1057 3989 circumducta
1070 3926 1223 4006 sequenti,
1236 3943 1332 4005 quam
1344 3946 1383 3988 ex
1394 3924 1517 3988 duabus
1528 3924 1658 4005 syllabis
1669 3925 1702 3987 in
1714 3943 1811 3986 unam

514 4034 659 4106 cogentes
672 4035 706 4088 et
720 4023 831 4087 deinde
844 4024 1005 4088 flectentes
1019 4024 1183 4105 dupliciter
1195 4036 1338 4105 peccant.
1380 4025 1440 4088 Sed
1454 4024 1485 4088 id
1500 4025 1624 4104 saepius
1637 4025 1669 4086 in
1684 4024 1810 4087 Graecis

513 4124 692 4190 nominibus
705 4124 831 4202 accidit,
847 4136 884 4187 ut
898 4126 1018 4202 Atreus,
1034 4144 1127 4205 quem
1141 4124 1232 4187 nobis
1248 4124 1412 4188 iuvenibus
1426 4124 1599 4187 doctissimi
1613 4144 1701 4187 senes
1715 4133 1810 4185 acuta

514 4229 615 4308 prima
629 4224 729 4287 dicere
743 4224 895 4300 solebant,
910 4235 947 4286 ut
959 4225 1132 4288 necessario
1144 4225 1280 4289 secunda
1293 4226 1397 4305 gravis
1409 4233 1500 4301 esset,
1515 4225 1591 4287 item
1604 4224 1698 4287 Nerei
1711 4225 1738 4284 T
1738 4225 1810 4286 erei-

437 4347 454 4375 0
514 4347 579 4409 que.
619 4325 708 4387 Haec
722 4324 761 4386 de
775 4324 955 4387 accentibus
971 4324 1099 4387 tradita.

554 4424 765 4505 Quintilianus
778 4426 857 4486 Inst.
871 4424 925 4487 Or.
941 4426 967 4501 I,
982 4424 1011 4502 5,
1027 4425 1133 4486 25-29.

515 4526 663 4589 Ceterum
687 4524 750 4587 scio
774 4525 838 4586 iam
862 4524 1015 4605 quosdam
1039 4525 1187 4602 eruditos,
1212 4523 1379 4586 nonnullos
1401 4523 1498 4586 etiam
1522 4523 1742 4604 grammaticos
1766 4522 1810 4586 sic

514 4627 623 4690 dooere
632 4643 670 4687 ac
679 4624 774 4704 loqui,
785 4634 822 4686 ut
829 4634 958 4704 propter
968 4624 1123 4703 quaedam
1132 4644 1245 4685 vocum
1255 4623 1432 4686 discrimina
1442 4623 1573 4686 verbum
1582 4624 1707 4686 interim
1715 4632 1810 4685 acuto

514 4746 591 4790 sono
602 4725 723 4800 finiant,
737 4734 773 4787 ut
784 4725 816 4786 in
829 4724 888 4787 illis

945 4842 1025 4903 quae
1037 4824 1152 4886 circum
1163 4824 1265 4900 litora,
1278 4824 1393 4887 circum

722 4926 863 4988 Piscosos
874 4923 1017 5004 scopulos
