3942 6130
392 857 393 860 η
476 812 550 873 lbra
570 812 757 873 Tnanrrrou
779 827 820 872 or
841 829 906 873 rna
926 812 1032 873 erru
1052 811 1185 872 Accnur
1445 813 1485 881 ts,

179 1030 234 1091 per
256 1010 271 1072 i
292 1010 432 1074 litteram
458 1011 680 1091 pronuntietur
710 1011 812 1074 scribi.
855 1011 926 1075 Hac
954 1011 993 1072 de
1017 1029 1121 1086 causa,
1145 1010 1294 1090 quoniam
1317 1010 1394 1073 viius
1417 1029 1481 1073 nou

180 1110 294 1174 similes
307 1129 402 1190 supra
416 1110 549 1190 scriptos
562 1129 653 1174 casus
666 1110 780 1173 habere
794 1130 867 1173 cum
880 1110 940 1175 illis
953 1109 1142 1187 nominibus,
1157 1128 1238 1190 quae
1251 1109 1393 1172 ablativo
1407 1129 1482 1173 casu

179 1211 302 1273 numeri
323 1210 487 1291 singularis
507 1231 523 1272 c
543 1210 649 1273 littera
670 1210 788 1275 scilicet
810 1220 953 1289 correpta
963 1210 1194 1287 terminantur,
1207 1210 1483 1289 pronuntiatur,si

180 1310 307 1391 quidem
324 1310 366 1372 ab
385 1310 440 1372 laaa
459 1310 521 1373 vila
538 1311 587 1373 bis
605 1310 656 1372 vel
674 1312 712 1374 ab
728 1310 779 1373 vlais
796 1311 905 1374 mirus
921 1330 1028 1392 presso
1041 1320 1173 1371 accentu
1192 1310 1426 1391 pronuntiatur,
1444 1320 1481 1372 at

180 1428 254 1472 vero
269 1404 306 1474 ab
319 1409 376 1472 hac
388 1410 445 1472 m'ie
458 1409 507 1472 bis
521 1410 572 1472 vel
586 1411 623 1474 ab
638 1409 686 1472 lais
700 1410 809 1473 vitibus
822 1420 919 1472 acuto
932 1419 1066 1472 accentu
1077 1414 1262 1485 tenuanttir3
1275 1419 1308 1471 et
1322 1408 1392 1471 ideo
1403 1410 1481 1473 oiim

179 1509 289 1572 dativo
301 1510 352 1572 vel
360 1508 501 1572 ablativo
514 1528 587 1572 casu
594 1510 715 1572 numeri
720 1510 850 1590 pluralis
855 1520 930 1572 ante
941 1508 1087 1571 ultimam
1098 1509 1252 1589 syllabam
1262 1529 1318 1588 per
1329 1509 1343 1572 i
1354 1519 1481 1573 tantum

178 1610 319 1674 litteram
330 1609 566 1691 pronuntiatur.

220 1708 342 1773 Probus
354 1711 435 1773 Inst.
449 1711 488 1772 A.
501 1730 535 1790 p.
552 1711 619 1785 124,
634 1710 715 1773 2914.

178 1808 347 1887 Quaeritur
369 1809 422 1871 lma
444 1809 572 1872 martiar
594 1827 636 1871 an
658 1809 711 1872 boa
733 1809 878 1872 mamare
899 1808 1000 1872 facere
1023 1808 1146 1871 debeat.
1190 1809 1250 1872 Sed
1264 1826 1479 1889 quaecumque

178 1909 306 1971 nomina
322 1908 441 1989 generis
456 1909 561 1971 neutri
576 1908 721 1989 genetivo
732 1927 806 1975 casu
816 1909 938 1971 numeri
954 1908 1117 1988 singularis
1132 1918 1208 1971 aute
1224 1909 1369 1971 ultimam
1386 1907 1489 1987 sylla.

179 2006 253 2069 bam
266 2028 286 2069 a
296 2006 435 2071 litteram
446 2008 566 2072 habent
578 2009 793 2086 constitutam,
806 2008 833 2073 si
844 2009 977 2073 eandem
989 2028 1009 2070 a
1020 2008 1159 2072 litteram
1173 2007 1329 2088 producto
1345 2017 1477 2071 accentu
1587 2002 1590 2010 ’

178 2118 336 2184 resonant,
360 2108 438 2170 haec
460 2109 852 2189 numquamnominativo
877 2127 950 2173 casu
974 2108 1094 2170 numeri
1119 2107 1283 2188 singularis
1307 2128 1342 2170 ar
1366 2107 1479 2175 litteris

179 2207 381 2286 definitmtur,
402 2217 436 2271 et
458 2208 529 2285 ideo
551 2209 604 2272 boa
626 2209 771 2271 mrcrtlare
791 2227 855 2298 non
877 2209 930 2271 lma
952 2208 1080 2271 martiar
1101 2207 1203 2271 lacere
1224 2208 1478 2288 pronuntiantur.

179 2308 260 2371 Sane
274 2308 371 2371 etiam
386 2307 446 2370 hoc
460 2327 633 2385 monemus,
648 2308 733 2388 quod
748 2307 825 2373 haec
839 2308 949 2373 eadem
962 2308 1092 2370 nomina
1106 2308 1139 2369 in
1153 2307 1264 2371 eodem
1278 2308 1475 2369 nominativo

73 2409 81 2421 '
178 2426 253 2470 casu
270 2407 391 2470 nunmri
408 2407 571 2488 singularis
588 2418 673 2472 certa
689 2408 875 2473 necessitate
892 2408 985 2470 metri
1002 2408 1053 2470 vel
1070 2418 1245 2471 structurae
1261 2418 1296 2471 et
1313 2427 1348 2469 ar
1365 2406 1479 2471 litteris

177 2507 330 2587 permissa
342 2507 407 2570 sint
420 2507 578 2571 declinari.

218 2606 338 2670 Probus
352 2608 431 2670 Inst.
445 2609 483 2669 A.
496 2629 529 2688 p.
546 2606 613 2684 127,
627 2608 689 2669 3K.

46 2774 50 2780 ,
177 2706 355 2785 Quaeritur,
374 2725 437 2787 qua
456 2707 495 2771 de
515 2725 609 2770 eausa
627 2707 814 2771 Hannibalis
832 2727 853 2769 a
871 2706 987 2783 littera,
1007 2724 1103 2787 quam
1122 2705 1311 2769 hebetante
1331 2706 1484 2785 ultimam,

178 2805 343 2885 syllabam,
359 2806 514 2887 producto
530 2816 663 2870 accentu
678 2806 909 2886 pronuntietur.
950 2807 1020 2869 Hac
1037 2806 1076 2869 de
1088 2824 1198 2883 caum,
1216 2806 1366 2886 quoniam
1382 2824 1477 2885 quae·

178 2925 311 2986 cumque
331 2907 459 2971 nomina
480 2906 599 2986 generis
619 2906 782 2971 masculini
802 2906 997 2969 nominativo
1018 2924 1092 2969 casu
1113 2906 1234 2968 numeri
1255 2905 1418 2985 singularis
1445 2907 1477 2969 al

177 3005 291 3069 litteris
307 3005 508 3083 definiuntur,
524 3005 602 3069 haec
617 3005 749 3069 eandem
765 3025 785 3067 a
800 3006 948 3083 litteram,
966 3024 1062 3086 quam
1077 3005 1196 3068 habent
1210 3017 1286 3068 ante
1301 3006 1313 3066 l
1329 3005 1475 3067 ultimum

177 3106 394 3182 constitutam,
412 3106 582 3170 secundum
598 3107 752 3169 rationem
769 3125 916 3168 sonorum
931 3125 1054 3169 necesse
1069 3116 1120 3168 est
1137 3116 1173 3169 ut
1188 3124 1245 3184 per
1261 3124 1368 3167 omnes
1385 3123 1475 3168 casus

177 3205 363 3285 producant.
506 3216 511 3251 ¹
539 3220 541 3224 “

217 3304 338 3367 Probus
365 3307 444 3367 Inst;
459 3306 497 3366 A.
510 3325 543 3384 p.
561 3305 627 3380 128,
642 3305 722 3367 ssK.

177 3404 354 3482 Quaeritur,
369 3422 432 3484 qua
446 3404 485 3467 de
499 3424 593 3467 causa
606 3405 787 3467 Bomilcaris
800 3414 940 3483 correpte
953 3413 987 3467 et
1000 3423 1064 3465 non
1076 3403 1229 3484 producte
1241 3404 1475 3483 prontmtietur.

177 3504 248 3566 Hac
273 3504 311 3567 de
338 3522 442 3580 causa,
469 3504 617 3584 quoniam
643 3522 857 3584 quaecumque
881 3504 1008 3567 nomina
1032 3504 1229 3566 nominativo
1254 3521 1328 3566 oesu
1352 3506 1474 3567 numeri

177 3603 340 3683 singularis
363 3624 398 3665 ar
419 3603 531 3668 litteris
552 3603 753 3680 definiuntur,
775 3603 853 3669 baec
872 3605 1005 3666 eandem
1026 3624 1046 3666 a
1067 3604 1214 3680 litteram,
1237 3620 1332 3682 quam
1354 3602 1473 3674 habent

176 3713 252 3766 ante
269 3723 285 3763 r
301 3703 458 3780 ultimum,
474 3724 531 3784 per
547 3723 655 3767 omnes
673 3722 763 3767 maus
780 3704 961 3784 corripiunt,
980 3712 1112 3783 utputa
1128 3704 1240 3776 Caesar
1258 3703 1412 3779 Caesarie
1430 3705 1480 3787 sic,

177 3803 287 3882 utique
302 3813 336 3865 et
350 3804 503 3867 Bomilcar
518 3804 697 3866 Bomilcaris
714 3814 855 3882 correpto
870 3823 935 3865 non
951 3802 1107 3883 producto
1122 3813 1254 3865 accentu
1271 3801 1385 3865 debeat
1402 3822 1477 3883 pro·.

175 3902 324 3966 nuntiari.

216 4002 309 4064 From
326 4020 347 4064 a
366 4003 561 4082 comparison
580 4001 612 4063 of
631 4002 684 4065 the
703 4003 764 4065 last
784 4014 846 4065 two
863 4020 1010 4082 passages
1027 4002 1103 4065 with
1122 4002 1170 4063 M.
1190 4001 1331 4065 Valerius
1352 4001 1472 4064 Probus

179 4098 278 4180 (apud
293 4100 426 4164 Gellium
440 4103 483 4165 N.
498 4102 536 4164 A.
553 4102 632 4178 IIII,
649 4100 704 4178 7.),
718 4122 764 4164 we
779 4121 828 4164 see
844 4103 915 4165 that
931 4102 1016 4164 there
1032 4102 1059 4164 is
1071 4112 1249 4181 agreement
1264 4101 1340 4164 with
1362 4102 1472 4183 regard

177 4210 212 4263 to
226 4220 329 4265 nouus
342 4201 374 4265 in
391 4203 443 4264 al.
484 4202 549 4264 But
565 4201 652 4264 there
667 4203 693 4264 is
708 4220 727 4263 a
743 4201 906 4264 difference
922 4202 954 4264 oi
969 4202 1096 4281 opinion
1111 4202 1188 4263 with
1205 4201 1313 4281 regard
1331 4211 1365 4264 to
1382 4201 1471 4263 those

176 4300 429 4363 in-ar-another
443 4301 591 4363 evidence
607 4300 639 4362 of
655 4302 708 4363 the
723 4300 789 4363 fact
805 4302 876 4364 that
891 4302 954 4365 this
969 4302 1053 4364 work
1068 4319 1132 4363 was
1145 4310 1203 4363 not
1219 4300 1343 4363 written
1361 4300 1405 4380 by
1421 4302 1469 4364 M.
1541 4352 1556 4379 ,

176 4400 316 4463 Valerius
328 4400 457 4462 Probus.
500 4402 555 4464 See
568 4401 632 4463 this
642 4419 771 4480 passage
783 4401 897 4477 above;
908 4401 974 4463 also
984 4401 1035 4475 M.
1048 4400 1189 4463 Valerius
1204 4400 1333 4476 Probus,
1348 4401 1388 4462 ad
1400 4400 1469 4463 inii.

216 4499 336 4563 Probus
364 4501 443 4563 Inst.
457 4501 495 4563 A.
508 4520 541 4579 p.
558 4502 623 4575 145,
641 4502 718 4562 16K.

174 4598 493 4679 Nasisubiungatur,
503 4600 562 4663 erit
572 4601 758 4677 coniunctio,
769 4611 803 4663 ut
813 4601 899 4679 apud
908 4600 1075 4680 Vergilium

564 4719 652 4762 mene
670 4700 794 4779 incepto
808 4699 953 4762 desistere
972 4700 1101 4776 victam;

174 4798 201 4860 si
218 4817 292 4861 vero
309 4818 347 4860 ne
361 4809 583 4878 praeponatur,
600 4799 659 4862 erit
676 4799 869 4876 adverbium,
888 4811 924 4862 ut
940 4800 1026 4879 apud
1043 4799 1211 4879 Vergilium

649 4918 687 4959 ne
705 4899 829 4975 credite,
847 4900 968 4975 Teucri,

378 4998 531 5078 quidquid
548 4997 580 5059 id
597 5008 657 5075 est;
