3942 6130
507 774 546 835 38
824 822 826 827 >
965 777 1073 856 Jarras
1094 777 1124 838 S.
1147 776 1345 838 McLarroan

549 972 672 1052 Sergius
682 973 721 1035 de
732 992 797 1035 acc.
810 970 854 1047 [in
865 972 961 1050 Don.]
972 995 1004 1053 p.
1015 976 1085 1050 482,
1097 977 1117 1036 6
1129 976 1170 1036 K.

511 1073 638 1135 Tenores
653 1072 719 1135 sive
734 1082 882 1136 accentus
897 1073 974 1137 dicti
989 1085 1073 1151 sunt,
1090 1077 1176 1155 quod
1191 1074 1366 1138 naturalem
1381 1076 1475 1138 unius
1490 1075 1639 1156 cuiusque
1655 1076 1807 1140 sermonis

259 1188 485 1242 missenum
509 1172 543 1234 in
564 1192 674 1234 vocem
694 1183 821 1236 nostrae
842 1173 985 1236 elationis
1006 1186 1132 1237 servent
1153 1186 1304 1237 tenorem.
1345 1177 1459 1238 Dictus
1480 1187 1588 1239 autem
1601 1184 1737 1240 accentu
1758 1185 1808 1238 est

258 1270 484 1366 ggfflss·
509 1272 599 1352 quasi
625 1272 779 1335 adcantus
804 1272 893 1335 iuxta
921 1274 1032 1337 Graeci
1059 1274 1193 1336 nominis
1219 1275 1521 1355 interpretationem,
1549 1277 1632 1356 quod
1661 1276 1807 1356 prosodia

511 1373 625 1434 dicitur
644 1373 756 1435 Latine
775 1374 939 1436 adcantus.
981 1375 1062 1437 Sunt
1080 1394 1189 1437 omnes
1207 1386 1356 1438 accentus
1373 1376 1481 1438 Latini
1500 1377 1590 1453 VIII,
1611 1386 1734 1452 acutus,
1752 1373 1808 1456 qui

512 1473 550 1533 fit
559 1473 605 1534 ita
615 1476 658 1549 l,
669 1473 774 1551 gravis
783 1473 829 1535 ita
838 1476 882 1549 Χ,
894 1462 1108 1536 circumflexus
1118 1475 1163 1536 ita
1186 1473 1214 1529 Λ
1227 1523 1234 1550 ,
1245 1475 1349 1537 factus
1362 1476 1479 1538 scilicet
1492 1477 1531 1538 de
1542 1487 1686 1556 utroque,
1697 1476 1809 1555 longus

511 1572 557 1634 ita
566 1604 616 1649 —,
628 1573 731 1635 brevis
741 1573 787 1635 ita
797 1600 847 1649 υ,
859 1574 986 1653 hyphen
996 1574 1041 1636 ita
1052 1602 1103 1649 υ,
1114 1573 1247 1637 diastole
1261 1572 1342 1651 ita),
1353 1576 1564 1655 apostrophus
1574 1576 1620 1638 ita
1634 1561 1657 1638 ⁹.
1691 1577 1807 1638 Verum

511 1674 571 1736 hoc
589 1673 720 1735 interest
738 1674 820 1735 inter
840 1673 993 1736 diastolen
1012 1684 1045 1736 et
1062 1675 1300 1754 apostrophum,
1319 1677 1404 1755 quod
1422 1677 1633 1756 apostrophus
1651 1676 1693 1739 ad
1711 1685 1810 1764 ¹‹nput

512 1773 634 1835 litterae
647 1774 786 1853 ponitur,
800 1772 932 1836 diastole
946 1795 1020 1836 vero
1034 1774 1185 1836 adimam
1200 1786 1332 1853 partem.
1374 1776 1444 1837 Hoc
1457 1776 1528 1838 ideo
1542 1776 1687 1852 diximus,
1702 1796 1743 1838 ne
1757 1775 1808 1837 cui

511 1873 623 1936 harum
639 1872 811 1934 similitudo
827 1885 974 1936 notarum
991 1873 1110 1953 aliquid
1126 1874 1237 1936 erroris
1252 1875 1384 1938 adferat.
1426 1876 1485 1937 His
1501 1877 1547 1938 ita
1564 1896 1597 1938 se
1620 1874 1812 1938 habentibus

512 1972 672 2035 sciendum
683 1983 731 2034 est
742 1973 827 2053 quod
837 1984 950 2036 acutus
959 1985 993 2036 et
1003 1973 1107 2054 gravis
1117 1983 1150 2036 et
1161 1974 1374 2037 circumflexus
1384 1975 1443 2037 soli
1453 1987 1527 2038 sunt
1539 1976 1603 2056 qui,
1615 1985 1652 2038 ut
1669 1975 1812 2055 superius

512 2072 656 2149 diximus,
678 2068 854 2136 naturalem
876 2074 969 2137 unius
990 2074 1139 2154 cuiusque
1160 2074 1311 2137 sermonis
1331 2076 1366 2136 in
1386 2096 1497 2138 vocem
1518 2084 1645 2138 nostrae
1667 2074 1812 2137 elationis

513 2183 638 2236 servent
668 2183 818 2235 tenorem.
860 2176 945 2236 Nam
974 2174 1035 2254 ipsi
1063 2173 1149 2235 arsin
1178 2174 1343 2255 thesinque
1373 2176 1585 2251 moderantur,
1616 2193 1810 2256 quamquam

512 2273 674 2336 sciendum
686 2266 735 2335 es't
748 2275 832 2352 quod
845 2274 879 2335 in
891 2294 950 2336 usu
963 2293 1027 2337 non
1039 2272 1082 2335 sit
1094 2273 1245 2337 hodierno
1257 2276 1362 2354 gravis
1373 2287 1532 2338 accentus.

554 2373 676 2453 Sergius
689 2374 728 2436 de
741 2393 805 2434 acc.
821 2371 864 2448 [in
878 2372 973 2450 Don.]
986 2395 1017 2454 p.
1031 2375 1101 2450 482,
1118 2376 1154 2436 19
1168 2375 1209 2436 K.

513 2475 629 2536 Verum
644 2473 692 2536 lex
706 2483 891 2536 accentuum
906 2475 952 2537 ita
967 2485 1025 2550 est,
1041 2474 1125 2553 quod
1141 2473 1276 2553 syllabae
1291 2474 1324 2536 in
1339 2475 1452 2554 quibus
1466 2475 1519 2538 isti
1539 2475 1615 2554 poni
1635 2475 1772 2537 debeant
1792 2492 1812 2535 a

514 2575 575 2636 fine
596 2582 809 2637 numerantur.
852 2576 934 2637 Nam
957 2574 984 2637 si
1006 2575 1244 2655 quantarumvis
1266 2595 1368 2637 sermo
1390 2574 1431 2638 sit
1454 2574 1653 2655 syllabarum,
1683 2573 1814 2636 circum·

513 2674 610 2736 flexus
634 2694 698 2736 non
722 2674 842 2737 tenebit
866 2674 948 2737 ultra
973 2675 1033 2737 nisi
1056 2675 1302 2756 paeneultimum
1319 2674 1432 2737 locum.
1474 2677 1595 2737 Acutus
1611 2685 1761 2737 accentus
1778 2674 1811 2735 in

514 2776 636 2838 Latinis
661 2793 727 2863 non
755 2775 875 2838 tenebit
901 2775 963 2837 nisi
993 2773 1242 2854 paeneultimum
1268 2785 1301 2837 et
1332 2775 1659 2854 antepaeneultimum
1692 2774 1814 2836 locum:

513 2874 759 2953 paeneultimum
772 2886 848 2938 tunc
858 2876 891 2937 in
903 2874 1072 2955 disyllabis,
1084 2895 1155 2936 curn
1166 2875 1253 2967 prior
1263 2872 1358 2941 fuerit
1369 2874 1419 2937 vel
1430 2885 1572 2956 correpta
1590 2874 1641 2936 vel
1657 2873 1814 2954 positione

513 2974 616 3056 longa,
634 2976 685 3040 vel
703 2997 774 3038 cum
792 2974 903 3038 ambae
921 2975 1105 3038 naturaliter
1122 2975 1231 3055 longae
1248 2975 1377 3052 luerint,
1395 2975 1446 3038 vel
1463 2995 1535 3037 cum
1552 2975 1665 3038 ambae
1689 2974 1812 3036 breves.

515 3079 568 3139 Ita
581 3078 617 3140 fit
629 3088 667 3140 ut
679 3077 712 3139 in
725 3072 887 3156 disyllabis
899 3096 970 3139 cum
982 3084 1077 3138 acuto
1089 3085 1222 3139 accentu
1235 3076 1268 3138 hi
1279 3077 1375 3156 pedes
1388 3076 1548 3138 coniuncti
1560 3075 1633 3151 sint,
1647 3074 1816 3137 trochaeus

514 3178 670 3259 positione
681 3178 795 3253 factus,
807 3175 942 3250 iambus,
954 3175 1138 3255 pyrrichius,
1151 3177 1318 3256 spondeus.
1358 3176 1398 3238 In
1416 3175 1585 3255 trisyllabis
1602 3174 1653 3237 vel
1669 3173 1703 3236 in
1715 3192 1815 3254 quan-

516 3278 599 3342 tovis
615 3297 745 3340 numero
762 3275 952 3356 syllabarum
971 3286 1048 3338 tunc
1059 3286 1109 3338 est
1120 3287 1243 3353 acutus,
1261 3296 1334 3338 cum
1352 3285 1416 3338 tres
1434 3275 1574 3355 syllabae
1591 3275 1685 3337 atine
1702 3274 1816 3336 breves

516 3378 701 3442 naturaliter
714 3376 842 3453 fuerint,
858 3385 894 3437 ut
908 3376 1013 3438 anima
1026 3377 1155 3454 mocula
1170 3376 1221 3439 vel
1234 3375 1388 3455 quidquid
1401 3376 1514 3439 borum
1527 3375 1694 3438 inventum
1708 3372 1815 3448 fuerit,

517 3479 649 3558 quaein
668 3476 829 3556 disyllabis
846 3484 922 3537 ante
940 3475 1113 3538 docuimus.
1155 3479 1207 3538 Ita
1225 3476 1263 3538 fit
1281 3486 1318 3538 ut
1336 3475 1370 3537 in
1389 3475 1559 3554 trisyllabis
1577 3475 1662 3537 hunc
1680 3475 1816 3536 eundem

516 3587 682 3642 accentum
698 3595 922 3664 cognoscamus
936 3576 970 3636 in
986 3575 1153 3652 tribracho,
1170 3574 1315 3650 molosso,
1331 3573 1419 3638 cuius
1434 3575 1547 3637 ambae
1562 3594 1582 3636 a
1598 3575 1660 3636 fine
1676 3572 1816 3653 syllabae

516 3689 574 3742 aut
596 3676 783 3741 naturaliter
804 3675 915 3755 longae
937 3675 1055 3738 fuerint
1077 3686 1135 3738 aut
1157 3675 1322 3756 positione,
1346 3686 1404 3738 aut
1427 3675 1512 3755 prior
1533 3674 1690 3754 positione
1712 3672 1816 3753 longa,

517 3776 654 3857 dactylo,
681 3786 863 3856 anapaesto,
890 3775 1114 3854 amphimacro,
1140 3775 1375 3855 amphibracho,
1402 3775 1490 3837 cuius
1516 3784 1623 3836 tamen
1649 3773 1754 3835 media
1779 3774 1816 3834 fit

517 3878 672 3959 positione
687 3878 790 3957 longa,
805 3875 935 3939 bacchio
949 3875 1086 3937 naturali
1100 3885 1133 3937 et
1146 3875 1355 3951 antibacchi0,
1370 3874 1459 3937 cuius
1473 3875 1550 3936 item
1564 3872 1668 3936 media
1683 3873 1720 3935 fit
1734 3871 1817 3952 posi·

519 3978 604 4041 tione
616 3978 717 4057 longa.
759 3978 931 4054 Hucusque
942 3975 1063 4038 dictum
1075 3985 1133 4051 est,
1145 3976 1179 4037 in
1192 3975 1361 4055 trisyllabis
1372 3974 1439 4037 eius
1450 3974 1536 4036 modi
1548 3974 1603 4053 qui
1614 3993 1682 4036 esse
1693 3973 1818 4051 possint

518 4089 676 4141 accentus.
717 4078 750 4138 N
750 4096 811 4138 unc
823 4075 990 4138 dicendum
1002 4084 1060 4152 est,
1073 4075 1107 4135 in
1119 4094 1183 4155 qua
1194 4084 1285 4154 parte
1297 4074 1450 4154 trisyllabi
1463 4085 1575 4136 acutus
1587 4074 1630 4135 sit
1640 4072 1815 4152 ponendus.

518 4180 557 4241 [n
576 4176 745 4258 trisyllabis
760 4173 1047 4254 antepaeneultima
1064 4175 1179 4255 accipit
1195 4186 1370 4251 accentum,
1388 4173 1484 4237 etiam
1503 4174 1529 4235 si
1545 4172 1758 4253 paeneultima
1776 4171 1818 4234 sit

518 4278 611 4358 longa
632 4277 786 4358 positione
808 4296 845 4338 ex
866 4284 957 4337 muta
978 4285 1010 4337 et
1033 4273 1161 4353 liquida,
1183 4285 1220 4337 ut
1241 4274 1367 4337 Multae
1387 4274 1516 4347 rohtbrr,
1537 4272 1570 4334 iu
1592 4272 1695 4335 tribus
1716 4270 1817 4352 longis

519 4377 740 4460 paeneultima,
751 4386 789 4439 ut
799 4377 970 4438 Maecenas.
1013 4374 1366 4453 Ubiantepaeneultima
1377 4374 1481 4436 brevis
1490 4372 1595 4449 luerit,
1606 4370 1819 4452 paeneultima

520 4499 594 4541 vero
608 4478 710 4557 longa,
724 4477 758 4539 in
771 4475 983 4557 paeneultima
995 4475 1169 4562 ponendus,
1185 4483 1220 4537 ut
1234 4481 1359 4536 amaru.
1401 4475 1483 4536 Sane
1496 4473 1657 4535 sciendum
1671 4481 1719 4535 est
1733 4470 1817 4549 quod

502 4569 736 4658 'monosyllaba
752 4595 826 4656 pars
842 4573 1003 4651 orationis,
1021 4594 1102 4653 quae
1118 4573 1170 4636 vel
1186 4574 1371 4637 naturaliter
1388 4573 1492 4637 brevis
1509 4582 1567 4648 est,
1585 4582 1623 4636 ut
1640 4580 1749 4652 etque,
1767 4566 1817 4633 vel

520 4678 675 4759 positione
690 4676 783 4757 longa
798 4676 846 4751 fit,
862 4685 991 4737 acutum
1006 4673 1136 4736 habebit
1152 4683 1328 4750 accentum,
1343 4683 1381 4736 ut
1396 4680 1461 4735 mtx
1470 4674 1538 4753 jux.

561 4776 684 4857 Sergius
697 4777 736 4839 de
749 4795 814 4839 acc.
830 4772 873 4849 [in
886 4771 982 4850 Don.]
995 4794 1027 4853 p.
1041 4775 1111 4849 483,
1129 4777 1161 4836 11
1179 4776 1220 4836 Κ.

521 4878 745 4941 CIrcumflexus
769 4885 917 4938 accentus
941 4873 975 4935 in
1000 4872 1160 4952 disyllabis
1184 4873 1235 4936 vel
1260 4872 1292 4935 in
1318 4871 1488 4953 trisyllabis
1512 4871 1564 4934 vel
1587 4871 1621 4934 in
1647 4868 1817 4951 quantovis
