3942 6130
510 820 549 884 70
660 915 665 927 Ι
968 825 1076 904 Jrrras
1097 825 1127 887 S.
1150 824 1350 887 Mchroar

551 1022 742 1085 Consentius
754 1043 786 1104 p.
802 1022 871 1099 347,
886 1025 903 1085 5
919 1024 960 1084 Κ.

511 1122 571 1184 Sed
592 1132 625 1184 et
644 1133 793 1185 accentus
812 1123 951 1186 ostendit
970 1121 1126 1185 diversam
1147 1122 1405 1201 significationem
1432 1121 1525 1183 unius
1549 1120 1709 1182 dictionis:
1735 1130 1822 1198 pone

260 1235 414 1281 con-emm:
512 1222 539 1282 si
551 1222 682 1284 verbum
695 1231 754 1299 est,
766 1223 871 1304 gravis
883 1233 931 1285 est
943 1221 1068 1297 ultima3
1081 1223 1108 1284 si
1119 1222 1314 1299 adverbium,
1327 1222 1534 1284 circumflexa.

260 1319 487 1365 ²⁰⁴⁸²¹¹⁰¹¹¹¹²⁵2h
553 1322 744 1385 Consentius
755 1342 787 1403 p.
802 1323 871 1399 386,
889 1324 923 1384 12
939 1324 981 1383 K.

260 1374 365 1420 mnu.

513 1422 596 1484 Item
617 1422 831 1485 barbarismus
851 1433 910 1497 est,
932 1432 969 1484 ut
991 1422 1119 1501 quidam
1140 1421 1306 1497 definiunt,
1327 1421 1425 1484 dictio
1447 1419 1561 1482 vitiosa
1583 1419 1821 1482 enuntiatione:

512 1522 572 1584 hoc
594 1522 665 1585 ideo
687 1523 785 1585 habet
807 1522 1088 1602 reprehensionem,
1112 1522 1261 1601 quoniam
1284 1521 1362 1584 baec
1384 1520 1526 1584 definitio
1548 1519 1590 1581 ad
1614 1529 1760 1599 tempora
1784 1529 1821 1581 et

511 1630 660 1684 accentus
678 1632 805 1685 tantum
822 1623 970 1702 pertinet,
988 1622 1021 1685 id
1039 1632 1088 1685 est
1104 1622 1277 1700 prosodias.
1318 1623 1401 1684 Item
1419 1620 1633 1682 barbarismus
1650 1629 1700 1682 est
1716 1619 1822 1681 dictio

498 1723 618 1800 'aliqua
640 1732 732 1803 parte
754 1722 803 1785 sui
824 1722 952 1784 vitiosa:
974 1722 1034 1784 hoc
1056 1721 1098 1783 ad
1120 1722 1347 1783 detractionem
1370 1731 1403 1783 et
1425 1719 1634 1783 adiectionem
1656 1730 1690 1782 et
1712 1729 1822 1781 trans

513 1822 722 1885 mutationem
734 1834 768 1885 et
779 1822 1031 1885 immutationem
1044 1822 1220 1884 litterarum
1232 1820 1423 1900 syllabarum
1435 1829 1622 1882 accentuum
1634 1828 1821 1899 temporum

512 1922 803 2002 aspirationumque
818 1922 965 2002 pertinet,
982 1923 1067 2002 quod
1082 1921 1231 2001 exemplis
1245 1941 1317 1983 mox
1332 1919 1463 2001 prolatis
1478 1919 1653 2000 apparebit.

554 2022 743 2086 Consentius
756 2043 787 2102 p.
803 2024 872 2099 390,
888 2024 922 2084 21
940 2024 981 2083 K.

514 2123 562 2184 Ex
573 2123 622 2187 his
632 2132 765 2203 apparet
775 2142 831 2202 per
841 2132 990 2186 accentus
1001 2132 1034 2184 et
1044 2120 1267 2201 aspirationem
1279 2119 1520 2200 metaplasmum
1533 2119 1685 2182 nonfieri.
1726 2119 1822 2181 Haec

515 2224 599 2285 enim
616 2223 680 2285 iere
697 2223 761 2285 duo
778 2222 953 2303 specialiter
969 2221 1163 2285 barbarismo
1180 2230 1344 2283 remanent
1349 2243 1357 2296 ;
1374 2219 1434 2281 nisi
1446 2219 1528 2282 forte
1541 2220 1612 2298 quis
1621 2224 1698 2298 porte
1715 2228 1822 2281 meta-

514 2322 670 2403 plasmum
695 2342 751 2402 per
775 2322 1071 2385 transmutationem
1095 2330 1244 2384 accentus
1267 2340 1334 2383 esse
1357 2320 1452 2382 dioat.
1495 2319 1556 2382 Sed
1579 2318 1657 2381 mihi
1681 2338 1744 2380 non
1769 2318 1822 2380 ita

516 2423 650 2485 videtur.
692 2418 776 2484 Na'm
790 2422 817 2484 si
829 2421 966 2485 mutatio
978 2421 1040 2484 ista
1052 2431 1202 2484 accentus
1214 2420 1303 2483 verbi
1315 2419 1574 2499 significationem
1588 2439 1652 2480 non
1665 2428 1821 2493 mutaret,

515 2522 626 2601 utique
642 2522 884 2602 metaplasmum
901 2522 1082 2584 diceremus.
1124 2522 1205 2584 Cum
1223 2540 1298 2583 vero
1316 2519 1540 2582 transmutatio
1557 2528 1706 2582 accentus
1722 2517 1822 2597 signi-

515 2622 694 2685 ficationem
716 2642 842 2701 quoque
863 2622 950 2685 verbi
970 2630 1087 2695 mutat,
1109 2640 1173 2682 non
1194 2621 1228 2681 in
1249 2639 1286 2682 eo
1307 2630 1356 2681 est
1376 2619 1469 2695 ratio,
1491 2629 1528 2682 ut
1550 2619 1683 2682 verbum
1704 2627 1821 2683 contra

515 2722 772 2787 consuetudinem
783 2722 982 2785 enuntiatum
993 2720 1210 2811 videatur3sed
1219 2720 1253 2782 in
1263 2739 1300 2782 eo
1311 2719 1392 2782 ratio
1402 2729 1460 2797 est,
1468 2728 1503 2780 ut
1516 2720 1586 2782 ideo
1591 2717 1682 2781 aliter
1691 2718 1822 2780 enunti-

515 2834 606 2886 atum
621 2823 673 2898 sit,
689 2821 838 2903 quoniam
853 2821 1039 2901 signifimtio
1054 2840 1118 2882 non
1132 2819 1242 2883 eadem
1258 2820 1457 2899 sequebatur.

557 2922 748 2985 Consentius
760 2942 791 3001 p.
807 2923 876 2998 391,
892 2922 928 2984 25
944 2923 985 2982 K.

518 3024 612 3085 Nunc
632 3023 695 3084 iam
717 3022 831 3102 quibus
852 3021 953 3083 modis
972 3019 1186 3083 barbarismus
1205 3018 1273 3096 fiat,
1294 3018 1513 3099 tempestivius
1532 3018 1735 3098 proferemus.
1778 3018 1820 3078 In

518 3143 581 3203 quo
594 3123 738 3201 equidem
751 3141 814 3184 non
827 3120 976 3184 imitabor
987 3140 1040 3182 eos
1052 3119 1228 3200 scriptores,
1242 3118 1296 3199 qui
1309 3117 1449 3198 exempla
1461 3118 1555 3179 huius
1567 3117 1653 3180 modi
1665 3116 1819 3178 vitiorum

518 3223 558 3286 de
570 3222 761 3285 auctoritate
772 3221 942 3284 lectionum
954 3221 1029 3282 dare
1041 3219 1221 3293 voluerunt;
1233 3237 1296 3297 quo
1308 3238 1346 3281 ea
1357 3218 1507 3280 vitiorum
1513 3217 1600 3280 iacta
1607 3228 1656 3280 est
1662 3215 1819 3291 conlusio,

518 3326 564 3385 ut'
574 3342 673 3403 paene
693 3322 756 3384 iam
776 3341 869 3384 nemo
889 3320 1060 3399 intellegat,
1082 3319 1157 3398 quid
1177 3304 1391 3381 barbarismus
1410 3318 1462 3393 sit,
1484 3317 1560 3397 quid
1580 3316 1819 3398 metaplasmus.

518 3424 602 3485 Nam
620 3422 804 3503 plerumque
822 3420 875 3483 alii
892 3429 990 3498 atque
1007 3419 1071 3494 alii,
1089 3419 1248 3481 interdum
1267 3418 1361 3481 iidem
1380 3417 1451 3498 ipsi,
1470 3416 1765 3497 et’metaplasmum
1784 3426 1820 3478 et

518 3522 745 3585 barbarismum
755 3521 894 3583 dicentes
904 3520 1041 3582 eiusdem
1051 3519 1192 3582 lectionis
1201 3527 1335 3581 utuntur
1344 3517 1502 3597 exemplis,
1512 3536 1611 3595 eoque
1620 3526 1735 3579 crmcta
1744 3536 1820 3578 con-

516 3622 665 3684 fundunt.
707 3623 774 3684 Nos
782 3618 924 3700 exempla
932 3618 1120 3682 huiusmodi
1128 3618 1284 3694 dabimus,
1294 3636 1375 3698 quae
1384 3617 1417 3681 in
1426 3637 1485 3679 usu
1494 3617 1610 3679 cotidie
1619 3616 1817 3695 loquentium

516 3721 766 3784 animadvertere
787 3739 963 3799 possumus,
985 3719 1010 3781 si
1032 3718 1127 3798 paulo
1149 3738 1185 3781 ea
1207 3718 1358 3780 curiosius
1378 3718 1554 3780 audiamus.
1595 3717 1741 3779 Diximus
1762 3736 1820 3796 per

517 3822 723 3884 adiectionem
752 3820 876 3883 litterae
904 3818 1042 3898 syllabae
1070 3817 1219 3896 temporis
1246 3828 1394 3881 accentus
1420 3816 1620 3897 aspirationis
1647 3817 1715 3880 fieri
1747 3815 1819 3877 bar-

519 3921 689 3984 barismum
731 3969 737 3981 .
781 3966 788 3980 .
832 3969 838 3981 .
882 3966 889 3979 .
933 3916 1001 3999 (per
1009 3915 1230 3992 adiectionem)
1244 3916 1403 3998 temporis,
1415 3928 1453 3979 ut
1462 3918 1591 3996 quidam
1602 3916 1713 3979 dicunt
1729 3923 1819 3995 piper

517 4023 672 4102 producta
688 4019 791 4100 priore
809 4019 940 4099 syllaba,
957 4038 1030 4081 cum
1051 4017 1094 4079 sit
1114 4018 1229 4097 brevis,
1250 4019 1336 4096 quod
1357 4017 1472 4079 vitium
1494 4017 1642 4079 Afrorum
1661 4015 1817 4079 familiare

518 4132 579 4197 est;
591 4130 749 4196 accentus,
762 4129 799 4181 ut
810 4119 908 4202 siquis
918 4118 1025 4180 dicens
1036 4118 1160 4196 triginta
1170 4117 1305 4196 priorem
1318 4117 1471 4196 syllabam
1483 4127 1579 4179 acuat
1590 4126 1623 4179 et
1634 4124 1817 4196 sequentem

518 4222 656 4301 graviter
667 4219 820 4296 artarier,
833 4218 888 4298 qui
899 4218 1012 4281 modus
1022 4228 1055 4280 et
1066 4237 1122 4297 per
1132 4202 1385 4280 immutationem
1398 4217 1465 4280 fieri
1477 4216 1615 4291 videtur;
1657 4264 1664 4276 .
1708 4265 1714 4277 .
1758 4263 1764 4275 .
1807 4263 1815 4274 .

519 4324 578 4385 Per
602 4320 827 4384 detractionem
852 4318 934 4381 fiunt
958 4316 1153 4380 barbarisimi
1176 4316 1233 4379 sic:
1276 4365 1282 4378 .
1326 4365 1333 4379 .
1377 4365 1383 4379 .
1427 4365 1434 4378 .
1475 4315 1635 4396 temporis,
1660 4325 1697 4378 ut
1721 4313 1819 4395 siquis

519 4423 605 4485 dicat
621 4427 719 4483 orator
736 4428 880 4499 correpta
896 4416 999 4498 priore
1016 4416 1147 4497 syllaba,
1165 4417 1249 4497 quod
1266 4418 1370 4497 ipsum
1388 4416 1502 4480 vitium
1520 4416 1668 4479 Afrorum
1686 4412 1818 4496 speciale

518 4533 580 4599 est;
605 4530 765 4596 accentus,
792 4528 829 4581 ut
855 4518 953 4598 siquis
978 4519 1121 4579 ararem
1147 4517 1253 4579 dicens
1278 4517 1415 4596 priorem
1442 4515 1595 4596 syllabam
1621 4515 1817 4578 circumflexo

518 4630 650 4686 accentu
668 4619 865 4701 pronuntiet;
907 4666 914 4680 .
957 4665 964 4678 .
1007 4664 1014 4678 .
1058 4665 1064 4677 .
1107 4618 1166 4679 Per
1183 4616 1437 4680 immutationem
1456 4616 1538 4678 fiunt
1556 4615 1743 4679 barbarismi
1761 4614 1816 4675 sic:

672 4719 880 4800 .temporis‚
902 4728 940 4780 ut
967 4716 1064 4794 siquis
1084 4725 1165 4796 pices
1186 4716 1292 4779 dicens
1312 4717 1446 4797 priorem
1469 4717 1631 4791 extendat,
1659 4724 1816 4786 accentus,

519 4834 557 4885 ut
568 4840 665 4900 srqurs
679 4828 822 4882 cromam
834 4819 941 4882 dicens
951 4836 1086 4896 primam
1098 4827 1205 4878 acuat
1199 4864 1406 4889 .....
1448 4818 1508 4879 Per
1519 4814 1815 4878 transmutationem

518 4910 875 4987 sicliuntbalhalismi·
868 4963 1074 4981 .....
1117 4916 1276 4995 temporis,
1290 4926 1328 4977 ut
1341 4935 1438 4994 srqurs
1450 4915 1558 4978 drcens
1570 4919 1651 4995 pices
1664 4915 1816 4996 producta
