3942 6130
456 849 530 911 Tm
552 849 740 911 Tnlnmou
760 864 802 910 oa
822 865 888 909 rau
907 847 1012 908 Lnum
1031 848 1166 922 Accaus
1443 845 1460 907 7

156 1049 362 1129 interrogandi
380 1049 442 1111 sint
460 1068 502 1111 an
520 1049 661 1112 uocandi?
702 1049 785 1111 Nom
803 1048 1009 1126 interrogandi
1026 1047 1158 1109 retardo
1176 1047 1291 1126 syllaba
1309 1046 1463 1124 superiore

156 1158 253 1213 torrost
271 1168 362 1231 quam
382 1150 493 1228 prima,
514 1149 622 1210 deindo
647 1149 811 1210 novissimo
836 1148 977 1221 dabitur,⁸
1003 1155 1034 1208 at
1053 1147 1089 1208 in
1107 1165 1182 1208 oasa
1200 1145 1326 1208 vocandi
1345 1165 1462 1207 summo

148 1259 253 1313 ‘tonost
266 1249 378 1328 primo,
393 1249 500 1311 daiam
513 1249 663 1328 gradatim
676 1249 865 1310 dmeondm.
907 1248 958 1310 Sic
972 1245 1100 1326 quidem
1113 1246 1258 1327 Nigidius
1269 1246 1330 1307 dici
1343 1245 1463 1325 praeci·

156 1351 215 1430 pit.
258 1349 318 1412 Sed
328 1349 354 1411 si
365 1349 434 1428 quis
444 1368 528 1410 nunc
538 1348 698 1411 Valerium
707 1348 868 1428 appellans
878 1348 994 1409 incasu
1005 1346 1140 1410 vocandi
1149 1346 1322 1408 secundum
1331 1345 1364 1407 id
1372 1364 1462 1426 prae·

157 1459 284 1529 ceptum
308 1448 427 1528 Nigidii
450 1449 570 1511 acuerit
592 1449 737 1528 primam,
761 1467 825 1509 non
848 1446 960 1525 aberit,
984 1447 1061 1527 quin
1084 1447 1232 1509 rideatur.
1276 1445 1461 1529 ‘Summum’

157 1560 266 1611 autem
287 1549 418 1611 ‘tonum’
440 1553 611 1627 προσῳδίαν
628 1557 757 1610 acutam
775 1547 853 1610 dicit
873 1557 917 1623 et,
938 1566 1032 1626 quem
1053 1557 1219 1608 accentum
1239 1565 1297 1608 nos
1318 1545 1461 1621 dicimus,

159 1649 411 1711 ‘voculationem'
429 1648 580 1728 appellat.
620 1648 698 1710 This
716 1648 873 1728 fragment
891 1646 924 1709 of
942 1646 1087 1727 Nigidius
1106 1646 1234 1727 Figulus
1251 1665 1351 1708 seems
1370 1656 1403 1708 to
1422 1644 1461 1707 be

157 1768 177 1810 a
187 1758 309 1829 protest
321 1749 445 1828 against
456 1749 510 1811 the
522 1747 737 1810 introduction
748 1747 781 1809 of
792 1748 847 1810 the
859 1747 962 1810 Greek
971 1748 1136 1809 accentual
1148 1746 1260 1825 theory
1270 1746 1339 1808 into
1349 1747 1460 1808 Rome.

107 1903 109 1906 ,
158 1849 218 1911 His
232 1849 373 1910 doctrine
390 1848 462 1911 that
477 1868 573 1927 every
588 1847 718 1926 syllable
733 1848 790 1909 has
805 1866 825 1909 a
840 1856 935 1910 stress
949 1848 976 1909 is
990 1846 1124 1925 directly
1138 1845 1277 1926 opposed
1292 1856 1327 1908 to
1342 1845 1414 1908 that
1429 1845 1462 1907 of

159 1949 279 2026 Cicero,
292 1948 351 2011 but
363 1949 389 2010 is
401 1950 433 2010 in
445 1949 565 2028 perfect
577 1947 690 2010 accord
701 1946 780 2010 with
791 1947 845 2009 the
857 1947 994 2027 tripudic
1007 1946 1127 2027 theory.
1170 1948 1202 2009 It
1214 1947 1240 2008 is
1251 1946 1377 2008 natural
1390 1945 1462 2007 that

158 2048 191 2111 in
209 2048 263 2110 the
282 2067 371 2110 casas
388 2048 514 2110 vocandi
531 2048 619 2110 there
637 2048 750 2109 should
768 2047 807 2110 be
825 2066 846 2109 a
863 2057 972 2127 strong
989 2057 1084 2110 stress
1102 2067 1144 2108 on
1161 2047 1216 2109 the
1234 2045 1302 2108 first
1320 2044 1460 2124 syllable.

159 2148 377 2227 Fortunately,
393 2147 492 2210 Aulus
509 2147 626 2210 Gellius
641 2147 699 2210 has
712 2148 878 2227 preserved
894 2147 957 2209 this
970 2147 1128 2227 fragment
1144 2156 1178 2209 to
1193 2166 1239 2223 ηε,
1255 2145 1408 2225 although
1422 2145 1461 2207 he

158 2247 233 2310 does
250 2257 308 2310 not
326 2267 416 2328 agree
434 2247 512 2311 with
530 2247 584 2309 the
603 2246 744 2310 doctrine
762 2248 788 2309 it
808 2247 941 2310 teaches.
984 2249 1045 2309 For
1057 2247 1178 2309 further
1191 2245 1408 2308 observations
1421 2264 1461 2306 on

159 2348 305 2428 Nigidius
322 2348 460 2427 Figulus,
477 2366 527 2410 see
544 2347 721 2427 FitzHugh,
739 2348 765 2409 I.
782 2349 834 2424 R,
850 2367 882 2427 p.
902 2348 968 2410 103.

199 2449 298 2512 Varro
309 2448 395 2527 apud
408 2447 621 2528 Augustinum
632 2448 671 2510 de
684 2447 767 2509 Dial.
780 2467 812 2527 p.
827 2448 895 2524 236,
909 2448 947 2509 28
960 2446 1060 2509 G—S.
1485 2456 1654 2501 Μοτωᾰιι

158 2546 297 2611 Verbum
312 2558 361 2609 est
377 2548 470 2609 unius
485 2548 635 2626 cuiusque
651 2548 695 2609 rei
717 2547 840 2628 signum
862 2547 947 2626 quod
968 2546 1010 2608 ab
1031 2546 1179 2609 audiente
1201 2547 1302 2626 possit
1323 2545 1461 2626 intellegi
1486 2508 1638 2636 ,⁹33ae-

157 2665 179 2708 a
194 2647 343 2727 loquente
363 2647 533 2727 prolatum.
575 2650 639 2709 Res
660 2658 709 2709 est
732 2646 882 2727 quicquid
904 2647 954 2709 vel
976 2647 1111 2709 sentitur
1132 2646 1183 2708 vel
1205 2646 1396 2727 intellegitur
1408 2646 1459 2707 vel

158 2747 247 2810 latet.
290 2747 420 2828 Signum
431 2757 480 2809 est
491 2747 575 2826 quod
585 2749 774 2826 etseipsum
783 2747 887 2809 sensui
896 2757 929 2809 et
938 2747 1233 2826 praetersealiquid
1243 2746 1348 2808 animo
1358 2756 1463 2809 osten-

158 2847 216 2910 dit.
257 2848 360 2927 Loqui
371 2856 420 2909 est
431 2846 601 2909 articulata
613 2865 689 2908 voce
702 2847 826 2928 signum
837 2846 925 2909 dare:
964 2846 1286 2909 articulatamautem
1298 2846 1368 2908 dico
1381 2866 1462 2926 quae

159 2946 381 3026 comprehendi
398 2947 512 3009 litteris
530 2956 636 3026 potest
639 2994 850 3009 .....
891 2946 992 3008 Omne
1011 2946 1144 3008 verbum
1162 2956 1268 3010 sonat:
1287 2966 1360 3009 cum
1378 2947 1462 3009 enim

158 3057 207 3110 est
226 3047 259 3109 in
278 3046 406 3127 scripto,
425 3066 489 3107 non
508 3045 650 3123 verbum,
670 3046 725 3108 sed
744 3046 832 3108 verbi
851 3046 975 3127 signum
992 3055 1042 3108 est
1044 3092 1254 3109 .....
1296 3046 1357 3111 Sed
1377 3048 1461 3127 quod

159 3157 262 3223 sonat,
279 3146 358 3208 nihil
374 3147 416 3208 ad
432 3145 643 3208 dialecticam:
659 3146 698 3209 de
715 3166 792 3208 sono
808 3147 893 3208 enim
909 3146 997 3209 verbi
1014 3146 1127 3227 agitur,
1145 3166 1218 3208 cum
1234 3148 1395 3226 quaeritur
1411 3148 1462 3210 vel

160 3246 424 3309 animadvertitur
440 3246 575 3325 qualiter
590 3246 748 3308 vocalium
763 3246 814 3309 vel
825 3246 1028 3326 dispositione
1043 3246 1178 3310 leniatur
1194 3247 1245 3310 vel
1260 3248 1461 3311 concursione

160 3346 313 3423 dehiscat,
338 3346 415 3409 item
439 3346 681 3426 consonantium
704 3347 754 3408 vel
778 3346 1015 3426 interpositione
1039 3346 1174 3409 nodetur
1198 3347 1248 3409 vel
1261 3348 1461 3428 congestione

158 3454 321 3526 asperetur
334 3454 367 3507 et
382 3453 460 3524 quot
475 3445 525 3506 vel
539 3444 685 3524 qualibus
699 3444 838 3524 syllabus
852 3455 985 3522 constet,
1000 3445 1054 3507 ubi
1067 3447 1209 3526 poeticus
1222 3445 1390 3526 rhythmus
1409 3466 1461 3510 ac-

160 3556 332 3625 centusque
347 3564 367 3606 a
382 3544 594 3624 grammaticis
609 3544 745 3607 solarum
759 3545 882 3607 aurium
896 3554 1074 3608 tractantur
1087 3545 1222 3626 negotia.

198 3645 276 3707 This
291 3663 422 3726 passage
438 3664 537 3707 seems
553 3654 587 3707 to
603 3645 689 3707 show
704 3645 775 3707 that
791 3645 890 3708 Varro
905 3645 962 3707 has
977 3655 1035 3708 not
1050 3656 1105 3725 yet
1120 3645 1217 3708 heard
1232 3646 1265 3708 of
1280 3666 1315 3708 or
1330 3656 1365 3709 at
1380 3647 1460 3711 least

160 3745 186 3807 is
208 3754 266 3807 not
289 3754 343 3823 yet
366 3743 539 3807 influenced
563 3744 607 3824 by
630 3745 683 3807 the
707 3755 887 3808 movement
910 3756 944 3808 to
967 3744 1072 3809 thrust
1095 3744 1148 3809 the
1173 3745 1275 3809 Greek
1296 3748 1460 3810 accentual

160 3843 272 3923 theory
287 3864 372 3925 upon
389 3844 442 3905 the
458 3845 608 3906 Romans.
649 3844 708 3906 His
730 3845 820 3907 other
841 3845 979 3925 writings
1001 3864 1042 3906 on
1063 3855 1173 3908 accent
1195 3846 1281 3910 show
1294 3865 1315 3908 a
1330 3847 1460 3911 decided
1499 3890 1502 3895 -

59 3984 70 3994 ·
160 3943 334 4006 dialectica]
355 3944 521 4024 tendency.
563 3945 656 4005 From
679 3943 731 4007 the
754 3945 931 4025 expression
949 3945 1103 4026 ‘poeticus
1116 3945 1283 4025 rhythmus
1298 3959 1460 4011 accentus-

161 4044 242 4123 que,’
258 4045 285 4106 it
300 4063 398 4106 seems
412 4044 593 4106 reasonable
609 4053 643 4105 to
658 4044 808 4107 conclude
823 4044 895 4107 that
910 4045 997 4107 there
1012 4045 1039 4107 is
1053 4063 1073 4106 a
1087 4065 1164 4125 very
1179 4045 1259 4108 close
1274 4047 1459 4109 connection

162 4143 301 4206 between
319 4143 449 4224 rhythm
467 4144 530 4206 and
548 4153 669 4206 accent.
800 4179 801 4182 =
1147 4142 1157 4159 '
1205 4219 1211 4229 Ι

202 4245 237 4305 Ρ.
250 4245 318 4320 218,
329 4245 349 4305 6
360 4243 600 4306 G-S.=Varro
610 4242 697 4323 apud
708 4243 844 4307 Gellium
853 4244 896 4306 N.
908 4246 945 4306 A.
956 4245 1081 4321 XVIII,
1095 4246 1142 4321 12,
1154 4245 1182 4307 8.

159 4344 258 4406 Varro
278 4342 375 4420 libris,
396 4363 474 4423 quos
494 4343 535 4404 ad
556 4343 742 4405 Marcellum
761 4344 800 4405 de
820 4343 926 4424 lingua
944 4344 1059 4407 latina
1078 4344 1166 4406 fecit:
1204 4345 1240 4406 in
1259 4346 1359 4424 priore
1377 4349 1460 4412 aerbo

160 4461 260 4522 groom
271 4443 429 4522 prosodiae
439 4462 514 4522 quoe
519 4444 646 4523 suerunt
656 4451 788 4520 mount,
800 4443 930 4524 reliquae
940 4451 1071 4518 mutant·
1080 4452 1198 4507 mutant
1215 4445 1319 4525 inquit
1336 4446 1459 4528 elegan-

160 4542 278 4605 tissime
304 4563 362 4623 pro
389 4550 553 4604 mutantur.

200 4643 235 4704 P.
251 4643 319 4719 218,
333 4642 592 4705 8G-S.=Varro
604 4643 690 4722 apud
703 4644 900 4706 Mattianum
912 4642 991 4723 Cap.
1005 4644 1100 4724 111p.
1114 4643 1163 4722 67,
1177 4645 1214 4707 25
1227 4646 1318 4725 Eyss.

161 4742 294 4804 Mutant
303 4751 452 4804 accentus
460 4743 617 4805 adiunctis
627 4742 823 4823 vocibusque
831 4762 863 4804 ae
871 4763 919 4820 tre,
930 4763 1002 4805 cum
1011 4753 1118 4805 tamen
1128 4744 1321 4825 complexiva
1331 4747 1459 4809 coniun-

161 4842 225 4904 ctio
236 4851 286 4904 est
297 4862 362 4922 orae,
375 4861 407 4903 ae
419 4861 491 4903 cum
502 4842 669 4922 expletiva,
682 4852 719 4904 ut
732 4842 929 4922 ‘Latiumque
941 4861 1104 4924 augescere
1116 4844 1223 4907 vultis'
1235 4855 1269 4908 et
1282 4846 1458 4912 ‘stimulove

159 4960 264 5004 meum
283 4942 345 5003 cor'
361 4942 447 5022 apud
462 4941 592 5003 Accium
607 4942 639 5003 in
655 4942 821 5022 Pelopidis.
865 4939 1061 5023 (Numquam
1074 4944 1222 5025 migrabit
1236 4955 1349 5009 acutus
1364 4967 1459 5012 sonus
