3942 6130
456 775 530 835 llas
549 775 737 837 Taanrrrorv
757 789 798 835 or
819 791 884 835 rur
903 775 1009 836 Larrrv
1029 776 1162 836 Accam
1341 682 1353 735 χ
1426 773 1465 835 43

203 972 346 1056 [Sergius]
361 975 401 1038 de
414 993 479 1037 acc.
494 995 526 1054 p.
542 975 610 1052 532,
627 976 664 1036 16
679 977 711 1037 Κ
730 994 737 1035 :
752 994 803 1037 see
816 975 926 1037 Varro.

203 1072 346 1155 [Sergius]
360 1075 399 1138 de
412 1094 477 1137 acc.
492 1095 523 1154 p.
539 1076 608 1151 533,
625 1077 639 1137 1
656 1077 688 1137 Κ
706 1095 713 1135 t
728 1094 779 1137 see
792 1076 900 1137 Varro.

204 1172 347 1256 [Sergius]
361 1174 483 1255 explan.
498 1175 532 1236 in
546 1177 629 1236 Don.
644 1194 676 1254 p.
691 1175 759 1250 560,
777 1175 814 1235 14
828 1176 869 1236 K.

165 1273 229 1352 (De
246 1272 445 1355 participio*
469 1274 644 1337 adiectione
666 1273 875 1337 declinatione
898 1285 1044 1336 accentu:
1068 1273 1301 1353 conparatione,
1315 1282 1353 1334 ut
1364 1273 1467 1335 doctas

161 1376 286 1438 docum:
303 1375 488 1449 adiectione,
507 1383 544 1435 ut
563 1375 647 1437 ‘nate
664 1374 748 1450 dea';
766 1374 878 1436 sinete
895 1382 1022 1436 tantum
1039 1374 1135 1436 modo
1151 1373 1248 1450 dicas,
1265 1372 1467 1453 participium

162 1487 225 1551 est;
243 1475 271 1536 si
288 1473 441 1555 adiungas
459 1474 524 1549 deo,
544 1493 659 1536 nomen
678 1484 728 1535 est
745 1482 826 1535 nota:
845 1482 988 1549 accentu,
1007 1481 1098 1552 paveo
1117 1476 1239 1551 parens:
1259 1472 1467 1535 declinatione

163 1576 218 1652 sic,
236 1594 351 1637 nomen
368 1584 427 1649 est,
446 1575 573 1653 quando
591 1582 724 1654 quartae
740 1573 958 1636 declinationis
975 1582 1023 1635 est
1028 1596 1035 1649 ;
1054 1574 1182 1653 quando
1195 1574 1358 1649 secundae,
1372 1572 1469 1651 parti·

164 1695 292 1755 crprum.

205 1771 349 1854 [Sergius]
363 1774 485 1854 explan.
500 1773 531 1834 in
548 1775 631 1834 Don.
646 1793 677 1852 p.
693 1773 762 1849 560,
778 1774 816 1834 19
830 1774 871 1834 K.

165 1873 409 1937 Coniunctiones
427 1893 552 1953 quoque
570 1881 645 1934 sunt
661 1892 726 1934 non
743 1872 873 1935 minima
891 1881 981 1950 parte
998 1871 1084 1934 acuti
1105 1871 1229 1934 tenoris.

206 1974 330 2038 Servius
344 1970 488 2053 [Sergius]
501 1993 528 2035 c.
541 1973 575 2034 in
589 1975 675 2035 Don.
688 1993 720 2053 p.
733 1973 803 2049 435,
817 1974 854 2034 31
870 1973 912 2033 K.

164 2075 262 2138 Cuius
277 2082 310 2136 et
325 2081 443 2135 nostros
457 2072 508 2135 vel
524 2073 637 2135 cumas
651 2081 685 2135 et
700 2079 844 2134 lustratas
862 2067 949 2146 (nam
967 2081 1134 2151 utrumque
1150 2070 1283 2133 dicimus
1298 2071 1469 2133 secundum

165 2173 271 2236 Plauti
294 2168 530 2247 auctoritatem)
555 2181 680 2252 gentem
704 2171 890 2251 significant,
914 2171 948 2233 id
970 2181 1019 2234 est
1044 2170 1142 2233 ‘cuius
1164 2170 1286 2250 gentis‚'
1312 2167 1469 2250 [optimas]

166 2275 302 2337 ‘nostrae
327 2272 449 2352 gentis'.
491 2272 634 2351 Plerique
658 2282 823 2335 accentum
848 2271 880 2332 in
908 2270 1020 2333 ultima
1045 2269 1167 2351 syllaba
1186 2280 1320 2349 ponunt,
1343 2270 1470 2350 quando

166 2373 299 2436 dicimus
309 2374 409 2446 cuiae
419 2372 474 2434 sed
484 2391 590 2452 prave.
631 2373 717 2434 Nam
728 2370 814 2433 nulla
823 2390 898 2451 pars
907 2371 1059 2433 orationis
1069 2378 1117 2433 est
1126 2370 1242 2432 Latina
1252 2370 1371 2459 absque
1381 2389 1470 2449 prae

166 2473 269 2549 dictis,
282 2492 363 2553 quae
374 2481 481 2551 potest
491 2472 525 2533 in
537 2471 649 2535 ultima
660 2480 826 2534 accentum
839 2480 953 2535 tenere.

208 2572 332 2635 Servius
347 2569 490 2651 [Sergius]
504 2591 531 2633 c.
545 2571 579 2633 in
592 2573 676 2634 Don.
690 2592 722 2651 p.
736 2573 806 2647 439,
821 2569 858 2632 27
874 2573 916 2633 K.

166 2675 250 2736 Item
264 2672 395 2735 verbum
409 2672 592 2751 plerumque
605 2680 639 2733 et
651 2670 835 2734 adverbium
849 2680 907 2733 est.
949 2670 1083 2748 Quando
1096 2669 1180 2731 enim
1194 2669 1264 2731 dico
1277 2672 1355 2747 pone
1367 2669 1470 2748 prima

168 2771 288 2854 syllaba
317 2781 481 2834 accentum
510 2770 657 2847 habente,
686 2771 747 2834 erit
770 2770 915 2846 verbum3
946 2771 1074 2850 quando
1097 2769 1229 2832 ultimae
1259 2769 1396 2847 syllabae
1426 2768 1468 2830 do

167 2882 342 2949 accentum,
356 2871 416 2934 erit
428 2871 622 2934 adverbium.

209 2971 333 3035 &rrius
348 2968 491 3052 [Sergius]
506 2991 532 3033 c.
547 2971 579 3032 in
594 2973 678 3033 Dou.
692 2991 724 3050 p.
738 2971 808 3046 440,
824 2970 840 3032 7
857 2972 898 3032 K.

168 3071 252 3134 Illud
267 3071 399 3133 fideliter
415 3080 519 3134 tenere
534 3070 696 3147 debemus,
711 3089 885 3149 numquam
900 3068 1071 3149 separatim
1085 3067 1347 3149 praepositionem
1361 3067 1471 3129 adver·

169 3172 230 3234 biis
251 3191 343 3252 posse
367 3170 523 3251 coniungi,
549 3170 648 3233 veluti
669 3170 706 3232 da
727 3190 826 3246 mane,
850 3168 886 3231 dr
908 3176 1006 3231 mam.
1048 3168 1140 3246 Quod
1164 3176 1272 3230 autem
1294 3167 1472 3229 invenimus

168 3272 285 3334 indocte
308 3281 341 3334 et
363 3271 572 3351 infrequenter,
597 3279 672 3332 sunt
696 3269 823 3349 quidem
846 3267 1102 3348 praepositiones,
1126 3267 1181 3330 sed
1203 3286 1268 3329 non
1292 3266 1471 3347 separatim,

169 3371 252 3434 sicut
262 3368 521 3433 suntetiamillae
529 3369 711 3449 particulae,
722 3386 801 3449 quas
809 3368 875 3449 ipse
884 3368 975 3449 ponit
983 3366 1161 3446 artigraius,
1170 3366 1326 3429 desursum
1335 3366 1471 3428 deorsum

169 3471 318 3549 deinceps.
360 3472 413 3532 Ita
426 3468 510 3532 enim
523 3478 672 3532 constant
684 3470 765 3532 duae
777 3478 885 3549 partes
897 3467 1057 3542 orationis,
1072 3475 1108 3529 ut
1121 3487 1184 3529 uno
1197 3466 1310 3529 ambae
1328 3466 1472 3528 nitantur

169 3580 312 3635 accentu.

212 3670 337 3733 Servius
351 3689 377 3732 c.
391 3669 425 3730 in
440 3672 523 3732 Don.
538 3689 569 3748 p.
584 3670 654 3745 425,
669 3667 686 3730 7
702 3669 743 3729 K.

170 3769 257 3833 Arsis
279 3769 393 3832 dicitur
415 3767 559 3845 elevatio,
583 3767 680 3830 thesis
700 3767 824 3846 positio.
866 3766 1152 3845 Quotienscumque
1174 3764 1328 3845 contingit
1349 3773 1388 3826 ut
1409 3773 1474 3827 tres

132 3916 136 3925 .
170 3870 236 3933 sint
248 3869 386 3949 syllabae
397 3868 431 3929 in
443 3869 522 3948 pede
534 3868 586 3931 vel
598 3868 746 3947 quinque,
760 3866 909 3946 quoniam
920 3885 985 3928 non
996 3865 1070 3927 licet
1082 3865 1116 3926 in
1127 3863 1279 3928 divisione
1292 3874 1471 3943 temporum

171 3969 326 4050 syllabam
349 3968 457 4044 scindi,
483 3968 538 4030 sed
560 3977 619 4029 aut
640 3966 794 4047 principio
816 3966 993 4048 adplicatur
1015 3974 1074 4027 aut
1096 3965 1162 4042 fini,
1185 3963 1300 4027 idcirco
1323 3963 1473 4026 debemus

172 4069 375 4145 considerare,
395 4067 500 4130 media
519 4066 639 4148 syllaba
659 4067 710 4130 cui
727 4066 813 4148 parti
832 4066 978 4146 coniungi
996 4065 1120 4128 debeat.
1162 4063 1277 4126 Ethoc
1290 4083 1327 4125 ex
1340 4072 1472 4125 accentu

172 4168 353 4248 colligimus.
395 4169 479 4231 Nam
499 4167 526 4229 si
543 4169 577 4229 in
594 4168 696 4249 prima
715 4166 836 4247 syllaba
854 4165 950 4230 fuerit
967 4174 1125 4241 accentus,
1144 4163 1222 4227 arsis
1239 4165 1319 4226 duas
1337 4161 1473 4243 syllabas

171 4267 357 4349 possidebit;
373 4267 399 4330 si
413 4276 521 4330 autem
536 4268 570 4328 in
583 4266 687 4330 media
703 4265 834 4346 syllaba,
850 4264 933 4328 thesi
946 4266 1026 4327 duas
1040 4262 1176 4344 syllabas
1192 4266 1313 4326 damus.

178 4360 182 4364 ⁴
214 4368 338 4431 Servius
351 4388 378 4430 c.
393 4367 425 4429 in
440 4370 523 4429 Don.
538 4388 569 4447 p.
583 4368 654 4443 426,
669 4365 686 4428 7
702 4367 743 4427 K.

172 4469 330 4530 Accentus
354 4467 458 4530 dictus
482 4476 531 4531 est
556 4466 646 4545 quasi
670 4467 824 4529 adcantus
849 4465 1021 4528 secundum
1047 4463 1192 4539 Graecos,
1218 4461 1273 4542 qui
1303 4467 1472 4541 προσῳδίαν

172 4577 299 4631 vocant.
340 4569 425 4630 Nam
452 4567 538 4647 apud
566 4566 702 4629 Graecos
722 4570 793 4639 πρὸς
814 4564 929 4627 dicitur
949 4564 1001 4641 ad,
1023 4574 1136 4626 cantus
1156 4581 1231 4625 vero
1251 4567 1309 4642 ᾠδή
1330 4570 1470 4624 vocatur.

173 4665 271 4730 Plane
292 4667 359 4731 sive
380 4676 545 4729 accentum
567 4666 654 4728 dicas
675 4665 741 4728 sive
763 4673 875 4726 tonum
898 4663 964 4726 sive
985 4672 1137 4739 tenorem,
1159 4662 1243 4724 idem
1265 4670 1323 4724 est.
1363 4659 1475 4723 Omnis

173 4776 323 4830 accentus
338 4776 397 4829 aut
412 4775 526 4830 acutus
542 4774 591 4829 est
603 4765 636 4834 s
649 4774 707 4827 aut
723 4763 937 4827 circumflexus
958 4759 1006 4825 Λ.
1048 4763 1170 4824 Acutus
1180 4761 1296 4823 dicitur
1312 4769 1471 4835 accentus,

174 4866 320 4948 quotiens
335 4865 448 4929 cursim
465 4864 618 4945 syllabam
633 4864 828 4944 proferimus,
844 4873 882 4925 ut
897 4871 996 4936 arma
1010 4860 1225 4924 circumflexus
1239 4880 1313 4922 vero
1329 4859 1475 4939 quotiens
