3942 6130
511 781 551 839 44
622 836 628 850 ,
971 777 1078 855 Jnuns
1099 776 1130 838 S.
1152 775 1350 837 McLauorus

512 977 649 1053 tractim,
662 986 700 1039 ut
712 979 751 1039 M
750 979 818 1038 atro.
859 977 943 1037 Nam
956 975 1060 1056 gravis
1072 985 1220 1037 accentus
1233 977 1268 1042 Χ
1278 974 1312 1035 in
1324 974 1439 1037 Latino
1453 993 1594 1036 sermone
1605 992 1706 1054 paene
1718 991 1811 1035 usum

511 1097 574 1140 non
593 1078 700 1155 babet,
720 1076 780 1140 nisi
801 1075 886 1156 quod
905 1074 956 1138 vel
975 1095 1046 1137 cum
1066 1084 1160 1137 acuto
1185 1073 1237 1137 vel
1254 1073 1452 1137 circumflexo
1477 1073 1554 1152 poni
1572 1082 1689 1153 potest,
1708 1072 1742 1134 in
1760 1072 1811 1135 his

511 1177 628 1240 scilicet
650 1175 787 1258 syllabis,
812 1195 893 1255 quae
918 1194 1012 1255 supra
1036 1174 1137 1237 dictos
1160 1183 1308 1236 accentus
1330 1192 1393 1235 non
1418 1172 1546 1235 habent.
1589 1173 1679 1234 Unus
1701 1182 1809 1236 autem

511 1296 611 1339 sermo
633 1296 730 1338 unum
752 1275 862 1355 recipit
883 1284 1059 1351 accentum,
1080 1273 1132 1337 vel
1152 1282 1282 1336 acutum
1302 1273 1354 1336 vel
1374 1272 1619 1349 circumflexum
1632 1281 1811 1352 'utrumque

477 1434 483 1453 ,
510 1385 616 1438 autern
631 1375 723 1439 simul
735 1376 849 1439 habere
862 1395 926 1436 non
939 1382 1054 1455 potest.

550 1477 706 1539 Accentus
718 1476 751 1536 in
764 1496 802 1537 ea
815 1473 935 1556 syllaba
949 1483 1007 1550 est,
1022 1492 1103 1554 quae
1116 1472 1187 1553 plus
1200 1482 1301 1535 sonat.
1342 1473 1445 1551 Quam
1459 1492 1524 1536 rem
1538 1471 1810 1553 deprehendimus,

509 1576 536 1637 si
550 1575 704 1656 fingamus
717 1593 774 1637 nos
787 1574 923 1655 aliquem
937 1574 1028 1654 longe
1041 1573 1179 1654 positum
1194 1572 1337 1636 clamare.
1378 1572 1562 1634 Invenimus
1575 1572 1658 1634 enim
1672 1571 1811 1635 naturali

509 1676 630 1737 ratione
649 1674 734 1738 illam
755 1674 906 1754 syllabam
926 1674 997 1753 plus
1017 1692 1137 1748 sonare,
1159 1693 1240 1752 quae
1260 1672 1373 1735 retinet
1392 1682 1567 1743 accentum,
1587 1682 1684 1751 atque
1711 1691 1810 1750 usque

508 1775 618 1838 eodem
635 1774 740 1837 nisum
757 1774 843 1837 vocis
860 1773 1035 1837 ascendere.

548 1876 704 1937 Accentus
721 1883 829 1937 autern
848 1881 1072 1953 computantur
1091 1892 1155 1934 non
1173 1892 1192 1934 a
1210 1872 1365 1951 prioribus
1383 1870 1520 1952 syllabis,
1539 1872 1594 1933 sed
1612 1870 1655 1933 ab
1681 1871 1808 1946 ultimis,

509 1974 541 2036 id
558 1983 606 2036 est
622 1984 802 2049 retrorsum,
820 1993 877 2036 nec
893 1982 1026 2054 possunt
1042 1973 1207 2035 ascendere
1223 1972 1283 2033 nisi
1301 1991 1398 2051 usque
1415 1971 1457 2032 ad
1470 1970 1600 2054 ,tertiam
1618 1970 1771 2050 syllabam
1788 1990 1809 2033 a

508 2073 579 2136 fine.
621 2074 733 2137 Graeci
748 2083 876 2135 acutum
893 2083 1058 2135 accentum
1074 2072 1107 2133 in
1124 2071 1224 2134 tribus
1240 2071 1368 2150 syllabis
1383 2080 1516 2150 ponunt,
1534 2071 1566 2132 id
1582 2081 1631 2133 est
1646 2071 1679 2132 in
1697 2070 1808 2133 ultima

507 2184 541 2235 et
555 2173 749 2253 paenultima
764 2172 815 2235 vel
830 2170 1111 2252 antepaenultima;
1128 2171 1358 2234 circumflexum
1374 2170 1498 2234 veroin
1513 2171 1646 2247 duabus,
1662 2170 1696 2232 id
1711 2170 1808 2234 estin

509 2272 620 2337 ultima
641 2283 674 2337 et
694 2272 899 2353 paenultima.
938 2271 1096 2334 Latinitas
1116 2281 1224 2334 autem
1245 2271 1278 2332 in
1300 2271 1412 2334 ultima
1433 2269 1554 2351 syllaba
1576 2269 1696 2332 nullum
1717 2271 1810 2350 ponit

508 2382 682 2438 accentum.
725 2372 815 2435 Unde
828 2372 866 2435 fit
877 2382 915 2434 ut
927 2381 1039 2434 acutus
1051 2381 1198 2434 accentus
1209 2372 1293 2451 apud
1307 2371 1438 2432 Latinos
1449 2371 1530 2433 duos
1540 2370 1701 2449 possideat
1712 2370 1808 2445 locos,

507 2471 1423 2552 paenultimumetantepaenultimum,circumflexusunum
1433 2470 1808 2548 paenultimumtantum.

547 2572 584 2633 In
599 2572 822 2653 monosyllabis
834 2572 978 2652 partibus
990 2571 1140 2633 orationis
1153 2571 1297 2650 quotiens
1310 2569 1430 2649 syllaba
1444 2569 1629 2632 naturaliter
1642 2570 1735 2649 longa
1748 2580 1808 2647 est,

507 2671 737 2735 circumflexum
758 2671 855 2735 habet
876 2681 1051 2747 accentum,
1074 2680 1111 2732 ut
1131 2674 1178 2732 res
1199 2671 1266 2743 dds;
1287 2670 1432 2749 quotiens
1453 2689 1528 2732 vero
1549 2670 1598 2733 vel
1622 2671 1808 2734 naturaliter

506 2772 610 2834 brevis
629 2782 678 2835 est
698 2772 749 2835 vel
768 2771 923 2851 positione
943 2771 1045 2852 longa,
1065 2779 1194 2833 acutum
1215 2770 1312 2834 habet
1331 2778 1507 2845 accentum,
1529 2779 1566 2830 ut
1586 2776 1639 2831 aar
1658 2776 1715 2831 nix
1734 2776 1807 2832 nox.

507 2873 591 2933 Nam
610 2872 643 2933 in
661 2872 842 2934 accentibus
860 2871 980 2951 syllaba
998 2871 1064 2933 sive
1083 2868 1267 2933 naturaliter
1285 2869 1388 2931 brevis
1407 2868 1472 2932 sive
1482 2867 1636 2948 positione
1649 2869 1742 2949 longa
1760 2871 1808 2931 in-

506 2970 684 3033 differenter
698 2971 859 3051 accipitur.

546 3071 585 3131 In
599 3070 760 3151 disyllabis
774 3091 848 3133 vero
864 3090 945 3131 unus
959 3070 1072 3132 modus
1085 3079 1144 3145 est,
1161 3069 1215 3148 qui
1230 3069 1459 3131 circumflexum
1476 3069 1614 3131 ostendit
1629 3080 1806 3147 accentum,

434 3171 438 3178 ’
505 3171 651 3249 quotiens
669 3170 753 3250 prior
772 3169 957 3232 naturaliter
975 3168 1067 3248 longa
1086 3178 1186 3232 estet
1206 3168 1316 3231 ultima
1335 3167 1521 3231 naturaliter
1539 3169 1653 3244 brevis,
1673 3178 1711 3230 ut
1728 3173 1807 3232 melo

504 3271 594 3332 Creta
607 3272 713 3332 Romo.
755 3269 853 3332 Aliter
867 3288 941 3331 vero
955 3279 1084 3330 acutum
1098 3269 1205 3344 habet,
1220 3269 1285 3331 sive
1299 3268 1411 3330 ambae
1425 3277 1540 3329 natura
1553 3268 1663 3349 longae
1678 3268 1806 3346 tuerint,

507 3380 542 3431 ut
553 3371 638 3450 leges,
646 3370 711 3432 sive
722 3369 878 3447 positione
890 3368 1009 3448 longae,
1019 3378 1054 3430 ut
1061 3375 1211 3447 primaps,
1224 3368 1289 3431 sive
1301 3366 1486 3430 naturaliter
1497 3368 1657 3445 breves,id
1663 3378 1713 3431 est
1724 3369 1807 3432 duae

504 3469 652 3549 syllabae,
672 3479 708 3531 ut
725 3475 786 3549 ego,
804 3478 842 3530 ut
858 3468 905 3531 ait
922 3467 1074 3548 Vergilius
1093 3469 1153 3530 ‘ast
1170 3468 1226 3548 ego
1239 3487 1320 3547 quae
1333 3466 1586 3561 divumaincedo'.
1630 3469 1679 3530 Sic
1692 3477 1726 3531 et
1739 3469 1806 3532 sive

504 3568 588 3647 prior
604 3569 758 3647 positione
774 3569 865 3648 longa
881 3568 932 3643 sit,
949 3578 985 3629 ut
1001 3574 1096 3644 armo,
1113 3568 1178 3630 sive
1194 3552 1361 3646 posterior,
1372 3578 1409 3628 ut
1424 3569 1534 3644 Arabs,
1550 3568 1666 3648 ubique
1682 3578 1805 3645 acutus,

506 3677 541 3729 ut
555 3668 699 3743 diximus,
713 3677 861 3730 accentus
874 3678 931 3730 est.

544 3767 582 3828 In
596 3766 762 3847 trisyllabis
771 3777 804 3829 et
816 3766 1025 3847 tetrasyllabis
1034 3776 1068 3829 et
1077 3767 1222 3846 deinceps
1231 3765 1316 3841 (nam
1328 3785 1450 3831 necesse
1459 3777 1509 3831 est
1519 3778 1555 3829 ut
1572 3767 1805 3847 trisyllaborum

434 3926 439 3935 ,
505 3867 657 3929 rationem
679 3868 785 3929 omnia
806 3866 1004 3946 posasyllaba
1026 3877 1207 3946 sequantur,
1231 3867 1374 3946 eoquod
1398 3888 1497 3948 usque
1519 3868 1561 3929 ad
1583 3878 1647 3930 tres
1668 3866 1806 3947 syllabas

502 3985 522 4027 a
539 3966 600 4030 fine
617 3966 761 4029 ascendit
775 3962 937 4041 accentus)
956 3967 1053 4029 tertia
1069 3985 1089 4028 a
1106 3967 1168 4029 fine
1185 3966 1305 4046 syllaba
1322 3976 1451 4029 acutum
1469 3987 1590 4047 semper
1607 3967 1738 4033 babebit
1753 3987 1805 4031 ac·

505 4076 641 4128 centum.
683 4068 867 4146 Numquam
885 4066 968 4129 enim
987 4067 1028 4129 ad
1045 4066 1145 4145 ipsam
1165 4067 1379 4129 circumflexus
1396 4067 1546 4130 ascendit.
1588 4068 1678 4129 Tunc
1696 4076 1803 4131 autem

503 4183 596 4244 supra
621 4166 742 4229 dictum
767 4165 897 4228 habebit
921 4176 1096 4242 accentum,
1122 4186 1191 4228 cum
1217 4167 1353 4229 secunda
1371 4184 1391 4227 a
1409 4167 1471 4229 fine
1494 4166 1590 4230 luerit
1619 4167 1806 4230 naturaliter

502 4264 615 4341 brevis,
626 4275 662 4328 ut
671 4266 833 4328 Romadus:
842 4284 917 4328 narn
926 4265 997 4328 ideo
1006 4268 1052 4328 Ro
1061 4267 1159 4329 habet
1167 4276 1343 4341 accentum,
1354 4267 1428 4346 quia
1437 4288 1490 4330 mu
1500 4267 1620 4347 syllaba
1630 4267 1735 4330 brevis
1742 4277 1802 4349 est,

502 4364 653 4441 Quotiens
671 4375 777 4428 autem
795 4364 989 4445 paenultimo
1007 4366 1074 4428 loco
1092 4366 1184 4446 longa
1202 4378 1261 4442 est,
1280 4367 1347 4446 ipsa
1365 4367 1495 4429 babebit
1512 4378 1690 4443 accentum;
1709 4386 1802 4446 quern

501 4474 608 4526 autern
620 4464 747 4539 habeat,
760 4465 798 4527 de
811 4465 1034 4546 disyllaborum
1047 4466 1168 4529 ratione
1180 4467 1405 4546 cognoscimus.

543 4564 602 4625 For
613 4583 633 4626 a
644 4563 761 4626 similar
773 4565 955 4639 discussion,
968 4586 1018 4628 see
1030 4566 1199 4629 Diomedes
1210 4566 1310 4628 above
1325 4564 1368 4646 (p.
1380 4568 1450 4641 431,
1465 4568 1479 4628 1
1494 4565 1551 4642 K).

542 4663 666 4726 Servius
679 4683 705 4725 c.
719 4664 753 4725 iu
767 4667 850 4726 Don.
865 4684 896 4743 p.
911 4663 980 4740 427,
994 4666 1013 4726 6
1028 4667 1069 4726 K.
1585 4738 1596 4750 ν

500 4763 659 4840 Quattuor
678 4773 753 4825 sunt
773 4764 954 4843 particulae,
972 4756 1056 4844 'quae
1077 4775 1281 4845 corrumpunt
1301 4766 1334 4827 in
1355 4767 1589 4845 pronuntiando
1611 4765 1732 4846 regulas
1751 4785 1803 4829 ac·

501 4872 649 4924 centuum
668 4862 737 4939 hae,
758 4884 789 4924 ve
814 4884 851 4957 ne
876 4884 931 4943 que
957 4885 997 4925 ce.
1039 4866 1122 4927 Nam
1150 4866 1428 4945 quotienscumque
1454 4867 1532 4929 istae
1558 4865 1730 4945 particulae
1756 4886 1802 4929 so
