3942 6130
503 783 543 845 κ
963 779 1346 860 Jmssnermz

505 981 618 1046 luerit?
658 982 734 1062 Ipsa
759 990 890 1043 aurbun
916 979 1047 1042 lnbebit
1072 988 1249 1053 semotim,
1276 978 1516 1056 praeoedmtem
1542 984 1651 1037 autem
1677 994 1807 1055 gravem

505 1082 611 1158 faciet,
635 1092 673 1144 ut
694 1081 845 1156 ciuilius,
867 1080 1028 1155 cenam,
1051 1079 1202 1140 umus.
1242 1077 1327 1155 Quid
1350 1077 1378 1139 si
1399 1075 1598 1157 paurultima
1619 1073 1808 1138 naturaliter

504 1183 659 1263 producta
679 1180 785 1256 tuerit,
805 1179 853 1242 ita
872 1178 1147 1242 utultimabrevis
1165 1178 1225 1240 sit?
1265 1176 1497 1240 Paenultinnm
1516 1175 1807 1251 drcrrmflectemus,

505 1291 543 1345 ut
560 1282 716 1361 Cethegus,
735 1282 900 1342 Κοκόαιε.
940 1279 1024 1357 Quid
1042 1289 1162 1353 autem,
1181 1278 1209 1340 si
1226 1276 1320 1356 longa
1337 1277 1400 1339 etit
1418 1276 1548 1339 ultinra?
1587 1273 1809 1339 Paenultimae

504 1390 635 1445 acutum
648 1379 796 1444 dabimus
806 1388 983 1455 aooentum,
997 1389 1035 1441 ut
1046 1380 1193 1451 Athenae,
1205 1378 1349 1439 Fidenae.

544 1481 629 1560 Quid
647 1481 770 1544 Graera
787 1479 933 1559 nomina?
972 1479 1007 1543 si
1023 1480 1123 1542 isdem
1142 1478 1257 1540 litteris
1273 1477 1483 1557 proferentur,
1503 1476 1640 1539 Graeoos
1657 1483 1810 1538 acoentus

504 1581 678 1645 habebunt
719 1582 804 1643 Nam
819 1590 941 1642 etcum
956 1578 1091 1642 dicimus
1109 1579 1233 1657 Thy-iai,
1250 1579 1342 1651 Nan,
1357 1586 1488 1639 austum
1503 1575 1635 1638 babebit
1649 1575 1808 1655 posterior

504 1690 685 1757 nocentum
697 1690 817 1743 etcum
833 1680 993 1756 Themisto,
1005 1679 1148 1758 Calypso,
1165 1679 1295 1752 Tamo,
1309 1676 1456 1740 ultimam
1469 1675 1673 1739 circumflecti
1685 1674 1808 1738 videbi·

504 1800 586 1844 mus.
626 1781 719 1859 Quod
740 1790 911 1858 utrumqne
931 1778 1066 1841 latinus
1079 1798 1183 1841 sermo
1203 1798 1269 1840 non
1288 1778 1423 1858 patitur,
1444 1777 1508 1839 nisi
1527 1776 1700 1839 admodum
1722 1795 1807 1850 raro,

505 1890 543 1944 ut
554 1879 620 1944 sola
630 1881 768 1944 oomrrit
778 1883 846 1959 ergo
856 1878 1047 1954 ooniunctio‚
1058 1878 1093 1940 in
1103 1897 1168 1957 qua
1177 1878 1334 1958 posterior
1344 1878 1541 1939 drmrmflm
1551 1875 1807 1956 deprelseuditur.

505 1982 588 2043 Item
603 1980 788 2043 adverbium
802 1986 881 2059 pont
895 1979 1068 2059 posteriore
1081 1988 1210 2040 acutum
1225 1977 1343 2058 aocipit
1356 1986 1534 2052 aouentum,
1549 1996 1591 2038 ne
1605 1975 1648 2038 sit
1661 1975 1806 2037 verbum.

545 2083 596 2143 De
616 2080 726 2144 formis
745 2088 943 2143 aooentuum.
983 2078 1079 2139 Acuti
1098 2089 1249 2141 aooentus
1269 2097 1351 2157 quse
1371 2088 1421 2139 eat
1442 2077 1563 2139 torma?
1602 2076 1620 2137 l
1640 2074 1806 2154 obliquum

504 2178 1077 2261 inpartemdexteramsoandeuss·
1117 2177 1458 2257 Quidgravisiorma?
1497 2174 1807 2255 lapartesinistra

504 2282 747 2347 descendens&
789 2278 1219 2341 Circumdemmtransversa
1238 2278 1267 2333 V
1288 2276 1396 2340 littera
1414 2276 1444 2333 Λ
1465 2286 1624 2347 notamus.
1634 2259 1807 2337 brevemO

505 2399 612 2443 aruum
630 2378 993 2460 spectantev,longum
1010 2377 1314 2440 autemsiciaoente
1337 2377 1406 2438 I-.
1447 2375 1560 2440 Sedin
1577 2374 1807 2450 illissonos‚in

505 2480 555 2543 luis
571 2489 713 2559 tempora
729 2478 931 2542 dinosdmus.
971 2478 1076 2556 Quare
1091 2478 1202 2541 dasian
1218 2488 1252 2540 et
1267 2475 1379 2556 psilen,
1396 2476 1513 2556 quibus
1528 2476 1642 2539 Graeci
1658 2484 1807 2551 utuntur,

506 2575 933 2659 [etlnospraetermittimusl
971 2576 1127 2655 Quoniam
1135 2574 1806 2657 adspirationemnobisadpositalilittera,

505 2699 587 2759 quae
597 2679 631 2741 in
643 2680 723 2741 duas
735 2688 843 2758 partes
854 2678 1017 2753 dividittrn
1033 2686 1258 2757 repmoeentat,
1276 2687 1310 2739 et
1326 2677 1353 2738 si
1365 2676 1512 2756 adposita
1528 2696 1593 2738 non
1609 2675 1679 2738 erit.
1720 2675 1805 2737 Item

505 2779 555 2841 lris
576 2778 719 2841 adiciunt
740 2788 774 2840 et
795 2777 933 2857 hyphen,
955 2797 1028 2839 cum
1050 2777 1114 2839 duo
1136 2777 1233 2839 verba
1255 2777 1346 2856 quasi
1368 2776 1401 2838 in
1424 2796 1523 2838 unum
1545 2774 1806 2855 pronuntiatione

505 2877 688 2959 colligimus,
701 2888 735 2940 et
750 2878 885 2940 iormam
900 2877 983 2940 banc
994 2876 1116 2939 iaciunt
1129 2902 1168 2938 υ
1180 2886 1214 2939 et
1229 2877 1393 2956 utriusque
1404 2876 1494 2939 verbi
1505 2876 1665 2956 proximas
1679 2873 1806 2937 litteras

505 2978 618 3041 inflexa
630 2976 869 3056 subtervirgula
880 2976 1024 3056 iungunt,
1036 2975 1187 3056 qualeaet
1200 2976 1323 3039 Tamus
1334 2985 1369 3038 ut
1380 2976 1572 3079 unledaim.
1626 2976 1710 3038 Item
1737 2974 1805 3039 dia·

505 3077 584 3142 suu
606 3079 735 3141 dextera
753 3075 1118 3157 quarumpmmu
1134 3075 1442 3138 ariminum
1457 3062 1801 3156 sdpoeiuhscnots)

505 3176 588 3241 male
608 3176 807 3241 cohaerentia
828 3176 1016 3251 discernens,
1038 3184 1075 3238 ut
1094 3185 1144 3237 eat
1164 3185 1274 3255 erepto,
1296 3196 1312 3237 e
1331 3177 1459 3255 virginis
1478 3177 1528 3237 iro
1548 3184 1582 3238 et
1601 3175 1750 3255 viridique
1768 3174 1805 3236 ia

505 3277 591 3340 litore
607 3278 802 3357 conficitur,
821 3297 884 3339 sus.
925 3277 1008 3338 Item
1026 3276 1240 3355 apostrophon
1258 3276 1303 3339 sic
1323 3286 1451 3338 notant:
1469 3276 1513 3338 ad
1530 3284 1628 3355 <aput
1645 3274 1714 3337 eius
1731 3294 1805 3338 oon·

506 3374 1805 3456 sonantis,cuivooalissnbtractaest,infleramvirguhmqrueadeamspectat

506 3479 683 3556 adponunt,
695 3486 732 3538 ut
743 3476 858 3539 tanwu'
870 3496 918 3538 me
927 3477 1055 3537 crimina
1064 3475 1193 3555 dim
1202 3476 1328 3537 danieli.

546 3575 728 3639 Victorinus
740 3596 770 3638 a.
784 3597 829 3657 gr.
843 3596 875 3656 p.
891 3577 959 3652 2033
976 3577 1013 3637 10
1026 3576 1067 3637 K.

507 3677 558 3738 De
578 3676 806 3739 Coniunctione
848 3725 855 3738 .
899 3725 906 3738 .
948 3723 956 3738 .
999 3723 1006 3737 .
1048 3674 1233 3737 Ratiorules
1251 3694 1334 3755 quae
1354 3677 1446 3737 sunt?
1485 3676 1538 3737 Ilo
1557 3675 1659 3754 iloqrae
1678 3674 1807 3754 proinde

506 3777 598 3856 proin
621 3777 756 3856 denique.
797 3776 885 3853 Quae
909 3774 1010 3855 magis
1033 3775 1184 3837 adverbia
1208 3795 1277 3837 ease
1307 3774 1385 3838 mibi
1410 3775 1559 3838 videntur
1583 3784 1710 3854 praeter
1735 3772 1806 3836 illas

506 3876 751 3953 oonirmctiones,
774 3896 856 3956 quae
878 3884 1011 3939 aooentu
1033 3874 1253 3938 disoernunbrr
1274 3876 1317 3938 ab
1339 3875 1507 3938 adverbiis.
1546 3873 1707 3938 adverbis
1729 3880 1806 3937 srmt

410 3976 413 3983 ’
507 3997 542 4040 re
555 3995 631 4040 vera
646 3977 813 4056 quaedam,
828 3977 867 4040 de
883 3975 999 4055 quibus
1012 3974 1132 4057 ambigi
1146 3984 1263 4054 potest,
1280 3976 1363 4038 unde
1378 3974 1491 4038 merito
1506 3974 1638 4054 quidam
1653 3973 1805 4037 adverbia

493 4075 708 4148 ,coniunctiva
724 4075 870 4139 dixenmt
886 4064 937 4138 ve'l
953 4075 1189 4139 coniunctiones
1204 4073 1408 4138 adverbiales.

546 4175 728 4239 Victorinus
740 4195 770 4238 a.
784 4196 830 4257 gr.
843 4197 875 4257 p.
891 4177 959 4251 lus,
974 4177 1012 4238 22
1027 4176 1068 4237 K.
1682 4239 1686 4246 ,

507 4278 557 4339 De
590 4276 825 4357 Praepositione
866 4324 873 4337 .
916 4323 924 4337 .
966 4324 974 4337 .
1017 4323 1024 4336 .
1065 4276 1187 4337 Harum
1221 4276 1377 4354 quaedam
1409 4283 1535 4338 mutato
1566 4283 1703 4338 accentu
1722 4274 1805 4336 fiunt

507 4376 666 4439 adverbia.
706 4378 791 4438 Nam
807 4384 886 4453 mue,
902 4395 975 4439 curn
990 4374 1081 4455 gravi
1094 4384 1228 4437 acoentu
1242 4374 1477 4455 pronuntiatur,
1491 4374 1683 4455 praepou'tio
1695 4383 1754 4450 est,
1767 4381 1806 4436 ut

506 4484 576 4538 ante
584 4477 699 4557 sorum,
715 4479 744 4538 si
752 4477 857 4557 frigus
871 4477 940 4551 erit·
955 4495 1028 4538 cum
1043 4495 1118 4538 vero
1133 4484 1238 4549 acuto,
1254 4475 1292 4537 fit
1306 4474 1492 4538 adverbium
1507 4473 1670 4555 temporis,
1687 4478 1727 4537 ut

779 4563 866 4638 sinte
877 4574 1006 4656 quidem
1019 4594 1141 4638 summa
1153 4575 1193 4637 de
1204 4595 1238 4637 re
1249 4575 1398 4657 statuisse
1408 4574 1526 4637 Latini.

507 4676 589 4739 Item
607 4683 676 4755 post
691 4675 882 4756 praepositio
899 4684 959 4751 est,
977 4694 1050 4738 cum
1067 4674 1201 4737 dicimus
1217 4683 1285 4754 post
1302 4683 1429 4754 tergam
1451 4694 1524 4737 cum
1548 4694 1623 4736 vero
1647 4672 1806 4753 signifieat

506 4784 618 4855 posteo,
632 4776 671 4838 fit
682 4775 867 4839 adverbium
881 4774 1042 4855 temporis,
1057 4784 1093 4837 ut

803 4875 880 4939 Post
889 4873 987 4937 habui
997 4884 1104 4937 tamen
1115 4873 1238 4937 illorum
1247 4894 1319 4939 mea
1328 4873 1410 4938 seria
1419 4873 1503 4936 ludo.
