3942 6130
498 800 540 863 rr
957 803 1066 883 er
1086 804 1118 867 s.
1140 804 1338 867 necnon

503 1060 512 1073 ,
539 1002 716 1066 Priscianus
728 1003 838 1083 partit.
891 1004 964 1080 VII,
989 1004 1044 1066 137
1065 1024 1098 1084 p.
1119 1006 1190 1081 491,
1214 1007 1252 1066 19
1273 1005 1315 1067 Κ.

620 1094 639 1124 “
727 1103 838 1183 partit.
890 1104 963 1180 v11,
991 1105 1047 1166 143
1069 1124 1102 1185 p.
1126 1106 1197 1181 493,
1222 1104 1239 1166 7
1265 1105 1306 1166 Κ.

619 1194 639 1224 “
727 1203 838 1283 partit.
903 1204 964 1279 IX,
986 1203 1044 1266 170
1060 1224 1093 1284 p.
1114 1206 1183 1280 500,
1203 1206 1223 1266 8
1242 1205 1284 1266 K.

619 1296 639 1324 “
727 1304 838 1383 partit.
904 1305 963 1380 lx,
983 1304 1040 1365 174
1053 1325 1085 1384 p.
1103 1306 1172 1381 501,
1190 1306 1228 1366 14
1244 1304 1285 1366 K.

620 1395 639 1424 “
727 1403 837 1483 partit.
884 1404 963 1479 XII,
981 1405 1053 1479 211;
1069 1406 1127 1466 212
1142 1424 1175 1483 p.
1193 1405 1262 1480 511,
1279 1406 1319 1466 20
1335 1404 1376 1465 Κ.

620 1495 640 1524 “
728 1503 838 1583 partit.
884 1504 964 1581 XII,
985 1504 1043 1566 215
1061 1524 1094 1583 p.
1115 1504 1184 1580 512,
1207 1505 1244 1565 16
1264 1505 1305 1566 K.

620 1594 639 1624 ‘⁸
730 1602 769 1664 de
787 1601 839 1681 lig.
857 1622 944 1665 num.
964 1605 999 1665 21
1018 1624 1051 1683 p.
1070 1605 1140 1680 413,
1161 1605 1194 1665 11
1216 1604 1257 1665 K.

541 1698 737 1777 {Priscianus}
753 1702 792 1764 de
807 1720 885 1779 acc,
900 1722 955 1783 pp.
972 1703 1110 1765 519-528
1128 1703 1168 1765 K.

540 1800 701 1881 Eutyches
719 1822 753 1881 p.
773 1801 843 1879 447,
867 1801 902 1864 17
924 1803 966 1864 K.

499 1902 576 1962 Tres
593 1901 720 1980 quidem
737 1913 812 1964 sunt
827 1903 913 1982 apud
932 1901 1067 1965 Graecos
1082 1903 1341 1982 coniugationum
1357 1903 1488 1982 species:
1503 1921 1577 1979 una,
1594 1921 1675 1983 quae
1692 1922 1803 1966 cerens

251 2014 377 2066 nucum
500 2010 606 2063 tenore
632 2003 664 2064 in
691 2000 751 2064 fine
776 2006 935 2077 6111111111
953 2001 995 2063 ab
1011 2002 1056 2065 eis
1080 2003 1268 2082 appellatur,
1294 2022 1374 2082 quae
1399 2023 1437 2064 ex
1462 2001 1707 2065 consonantibus
1725 2012 1802 2065 ante

250 2096 349 2195 'ew
361 2097 476 2192 ⁹¹¹5}ss
500 2099 624 2163 firralem
647 2128 670 2164 ω
690 2101 827 2164 inventis
847 2102 988 2165 ordinem
1009 2123 1063 2165 ser
1083 2103 1338 2183 coniugationum
1359 2101 1526 2182 significem
1546 2103 1618 2178 alia,
1641 2121 1721 2182 quae
1743 2102 1803 2164 cir·

250 2148 459 2243 mm
500 2198 652 2263 cumflexo
677 2212 810 2264 acnentu
836 2202 960 2281 prolata
986 2202 1072 2283 apud
1099 2221 1153 2266 eos
1180 2204 1245 2266 iure
1273 2207 1477 2291 amenopkrp
1500 2204 1683 2265 nominatur
1702 2216 1735 2265 et
1762 2222 1803 2265 ex

500 2300 662 2362 vocalibus
675 2302 707 2363 in
721 2300 858 2363 secunda
870 2320 1003 2381 persona
1015 2302 1153 2365 inventis
1165 2302 1307 2366 ordinem
1319 2303 1415 2365 trium
1429 2303 1683 2383 coniugationum
1696 2312 1803 2364 osten·

501 2399 562 2476 dit;
578 2411 612 2463 et
630 2401 734 2477 tertia,
753 2419 850 2479 quam
866 2421 905 2464 ex
922 2400 1006 2463 finali
1031 2403 1250 2464 terminatione
1273 2404 1307 2464 in
1324 2429 1358 2477 μι
1373 2402 1567 2464 desInentem
1584 2402 1704 2479 dicunt,
1727 2402 1803 2464 linet

500 2500 533 2563 in
559 2501 668 2580 paucis
694 2499 798 2563 verbis
819 2512 966 2580 quartam
988 2501 1107 2564 habent
1128 2503 1389 2582 coniugationem.
1430 2502 1535 2564 Latini
1557 2521 1641 2578 vero,
1663 2502 1745 2563 sicut
1766 2502 1800 2564 in

500 2598 571 2662 aliis
594 2600 711 2677 multis,
737 2620 794 2662 nec
817 2620 943 2681 prorsus
967 2602 1073 2663 omnia
1097 2602 1246 2664 videntur
1269 2601 1382 2664 habere
1407 2602 1663 2681 coniugationum
1685 2600 1803 2663 indicia

500 2718 559 2762 nec
578 2700 693 2762 iterum
713 2718 816 2763 carere
836 2701 963 2781 penitus
982 2700 1137 2764 omnibus.
1179 2702 1264 2763 Nam
1283 2703 1317 2764 in
1338 2726 1362 2763 ω
1381 2702 1633 2764 termInationem
1653 2721 1691 2763 ex
1711 2710 1802 2780 parte

502 2799 650 2863 videntur
669 2801 796 2877 imitari,
818 2821 837 2861 o
857 2802 1052 2863 terminalem
1071 2801 1190 2881 primae
1210 2820 1360 2881 personae
1380 2802 1414 2862 in
1432 2801 1587 2880 plerisque
1608 2799 1803 2880 temporibus

502 2899 664 2963 habentes.
706 2899 849 2980 Cumque
866 2901 930 2964 sint
953 2902 1057 2964 omnia
1074 2900 1171 2963 verba
1187 2902 1310 2981 liuguae
1327 2912 1441 2963 natura
1465 2902 1625 2963 Romanae
1641 2903 1801 2976 lioplrore,

502 2999 562 3062 hoc
575 3010 625 3063 est
641 3000 889 3080 tenore'prorsus
903 3001 936 3062 in
952 2999 1013 3063 line
1029 3002 1178 3077 carentia,
1193 3020 1252 3063 nec
1280 3012 1386 3064 tamen
1412 3001 1604 3080 proprietate
1632 2998 1804 3063 circumfle-

502 3119 612 3161 romm
633 3109 751 3177 carent,
771 3121 810 3162 111
829 3100 928 3162 vocali
946 3101 1100 3164 secundae
1113 3120 1263 3180 personne
1276 3100 1532 3181 coniugationum
1544 3100 1685 3163 ordinem
1698 3110 1803 3163 osten·

502 3200 620 3262 dentia.

543 3299 703 3377 Eutyches
719 3319 750 3379 p.
768 3298 838 3376 487,
857 3301 895 3361 26
913 3300 955 3361 K.

504 3399 590 3462 Sicut
611 3399 722 3461 ‘sedeo’
742 3398 873 3461 verbum
892 3398 1045 3462 secundae
1064 3400 1291 3480 coniugatIonis
1307 3409 1352 3477 et,
1371 3399 1455 3478 quod
1473 3399 1613 3462 eiusdem
1630 3409 1679 3462 est
1698 3399 1805 3461 coniu-

502 3499 637 3578 gationis
657 3499 876 3578 compositum,
899 3499 1047 3576 ‘insideo',
1069 3500 1151 3562 unde
1171 3516 1286 3562 nomen
1308 3499 1468 3576 ‘Insidiae',
1488 3519 1527 3561 ex
1546 3519 1610 3579 quo
1629 3498 1716 3561 eliud
1736 3518 1806 3561 ver·

503 3597 580 3660 bum
601 3597 740 3661 ‘insidior
759 3598 924 3662 insidieris’
945 3599 1131 3676 traducitur,
1151 3619 1190 3661 ex
1208 3599 1380 3678 praeterito
1401 3598 1540 3679 perfecto
1561 3618 1629 3675 suo,
1649 3598 1735 3678 quod
1755 3607 1804 3661 est

503 3699 536 3760 in
551 3698 713 3778 primitivo
731 3698 832 3761 ‘sedeo
849 3698 925 3761 sedi'
940 3698 1062 3761 iactum
1077 3699 1256 3779 expulsione
1272 3719 1300 3775 e,
1318 3717 1398 3777 quae
1413 3710 1488 3762 ante
1505 3718 1524 3760 o
1539 3707 1619 3775 erat,
1635 3698 1805 3778 producta-

504 3817 564 3877 que
589 3798 794 3876 paenultima,
820 3798 897 3860 lacit
923 3798 1055 3861 verbum
1079 3799 1198 3879 primae
1224 3799 1462 3879 coniugationis,
1490 3798 1573 3861 ‘sedo
1599 3798 1700 3861 sedas’
1729 3794 1805 3877 (qun

504 3897 597 3959 modo
618 3898 650 3960 in
671 3896 873 3961 circumflexis
892 3898 979 3979 apud
997 3899 1132 3961 Graecos
1150 3900 1344 3977 Syracusano
1362 3917 1446 3960 more
1464 3917 1556 3978 saepe
1579 3898 1668 3960 verbi
1689 3898 1805 3978 positio

505 3997 666 4060 derivatur
677 3996 720 4058 ab
736 3998 864 4061 alterius
882 3997 969 4061 verbi
987 3999 1157 4079 praeterito
1176 3998 1325 4078 perlecto,
1340 4009 1376 4060 ut
1395 4006 1469 4062 ποιῶ
1486 4004 1631 4076 πεποίηκα
1647 4002 1804 4072 πεποιήκοι,

507 4106 562 4161 νοῶ
586 4101 705 4173 votnm
730 4095 877 4175 nomeu),
902 4097 987 4178 quod
1010 4108 1116 4177 potest
1139 4099 1274 4160 etiamn
1298 4098 1469 4178 praeterito
1486 4098 1635 4178 perfecto,
1654 4098 1739 4177 quod
1756 4106 1805 4159 est

415 4248 420 4255 .
508 4197 593 4260 ‘sedi'
609 4197 764 4277 producta
780 4198 985 4278 paenultima,
1002 4217 1116 4259 nomen
1133 4197 1241 4260 iecisse
1260 4197 1347 4260 ‘haec
1363 4198 1461 4260 sbdes’
1477 4198 1588 4260 eadem
1604 4197 1693 4260 verbi
1709 4197 1807 4275 longi·

506 4296 615 4360 tudine
638 4298 735 4360 etiam
758 4298 791 4361 in
812 4299 938 4360 nomine
962 4308 1097 4360 servata.

546 4397 659 4458 Audax
677 4416 706 4459 a.
727 4418 772 4478 gr.
797 4394 891 4473 (Keil.
913 4397 984 4460 Ind.
1007 4396 1108 4460 Schol.
1130 4396 1203 4458 Hal.
1227 4395 1302 4459 1875
1322 4417 1354 4477 p.
1377 4394 1447 4473 IV).

507 4496 793 4577 Praepositionibus
817 4507 896 4576 quot
920 4508 1068 4560 acoentus
1092 4496 1258 4559 accidunt?
1298 4499 1388 4559 Tres:
1407 4496 1590 4575 productus,
1614 4516 1749 4576 pressus,
1774 4505 1805 4558 et

255 4607 349 4654 111111
507 4606 629 4674 acutus,
667 4616 746 4675 quos
782 4596 1024 4676 conpetentibus
1060 4596 1343 4676 praepositionibus
1378 4595 1610 4659 adnotabimus.
1651 4597 1695 4659 At
1732 4614 1807 4657 vero

256 4692 492 4787 fflflffissgffi·
508 4707 627 4759 ceteras
648 4697 894 4776 praepositiones
914 4696 1205 4780 praetermittimus,
1228 4697 1378 4776 quoniam
1399 4697 1568 4773 naturales,
1597 4696 1629 4758 id
1657 4706 1706 4759 est
1735 4695 1809 4758 sim·

258 4790 375 4838 mm
508 4797 604 4875 plices
620 4806 769 4859 acoentus
786 4795 900 4859 habere
919 4796 1125 4876 reperiuntur.
1167 4798 1247 4860 Sunt
1263 4796 1510 4875 praepositiones
1527 4814 1607 4875 quae
1623 4794 1694 4859 aliis
1710 4795 1809 4875 parti·

510 4895 569 4958 bus
583 4896 734 4958 orationis
750 4895 972 4976 respondeant3
988 4895 1042 4958 sed
1057 4895 1115 4958 hae
1131 4896 1292 4958 intellectu
1308 4895 1534 4973 discernuntur,
1553 4906 1589 4959 ut
1609 4904 1690 4976 puta
1713 4894 1808 4958 ‘ante'
