3942 6130
445 776 520 836 Tim
539 775 727 836 Tnnmmou
747 790 789 837 or
809 758 1000 836 rna'Lnrnr
1019 775 1155 835 Accaus
1412 771 1449 834 27

149 974 274 1036 Harum
290 974 446 1053 quaedam
461 973 567 1036 verbis
582 973 679 1037 etiam
695 960 921 1054 adiunguntur,
937 985 991 1054 per
1006 974 1045 1035 od
1061 982 1146 1036 trans
1162 975 1357 1036 66166666666
1372 973 1451 1035 inter
1468 990 1470 995 ⁴

150 1082 219 1153 post
241 1074 289 1136 ob:
331 1122 337 1135 .
381 1122 388 1135 .
433 1124 438 1134 .
482 1123 489 1135 .
531 1074 619 1151 Quae
641 1072 784 1138 ablativo
805 1073 891 1137 casui
913 1073 1147 1152 adiunguntur?
1188 1074 1215 1135 A
1242 1075 1279 1136 ab
1301 1073 1356 1135 abs
1378 1095 1394 1135 6
1416 1094 1450 1136 ee

150 1184 206 1252 pro
229 1184 303 1252 prae
325 1175 362 1236 de
384 1173 570 1253 etreliqua.
610 1175 733 1236 Harum
756 1193 856 1253 aeque
880 1174 1035 1253 quaedam
1058 1183 1184 1237 mutato
1207 1181 1340 1237 accentu
1369 1174 1452 1236 fiunt

149 1273 312 1349 adverbia,
331 1272 432 1337 veluti
449 1283 499 1336 est
517 1294 595 1336 cum.
636 1275 720 1336 Nam
741 1274 888 1353 quotiens
907 1274 993 1337 casui
1012 1273 1161 1353 iungitur,
1180 1272 1373 1354 praepositio
1391 1283 1451 1349 est,

150 1383 188 1436 ut
209 1395 278 1436 cum
299 1374 381 1450 duce,
403 1394 472 1436 cum
493 1375 604 1449 666666,
624 1373 772 1452 quotiens
793 1374 901 1450 verbo,
923 1373 985 1436 erit
1005 1374 1202 1450 adverbium,
1224 1383 1262 1436 ut
1282 1380 1351 1436 cam
1373 1373 1452 1435 venit
1504 1418 1514 1441 .

151 1474 318 1536 66166661

398 1573 480 1636 Cum
495 1572 581 1635 subit
593 1574 717 1636 Aeneas
731 1592 883 1635 concursu
896 1573 1064 1636 ascendere
1077 1592 1203 1653 magno.

191 1672 374 1735 Victorinus
386 1673 426 1735 de
437 1683 528 1736 metr.
542 1683 576 1735 et
587 1673 656 1735 hex.
670 1694 703 1753 p.
718 1674 786 1748 206,
804 1675 839 1734 12
853 1674 894 1734 K.

110 1838 113 1843 ,
151 1774 293 1836 Mettum
309 1782 357 1835 est
371 1772 453 1836 ratio
468 1793 540 1835 cum
554 1772 779 1848 modulatione,
795 1773 962 1853 rhythmus
977 1772 1045 1834 sine
1059 1771 1182 1835 ratione
1196 1771 1327 1835 metrica
1342 1773 1452 1834 modu-

151 1871 237 1935 latio.
280 1874 467 1951 Plerumque
484 1882 591 1935 tamen
608 1892 683 1935 casu
700 1874 838 1952 quodam
855 1872 951 1935 etiam
961 1871 1103 1935 invenies
1112 1872 1269 1935 rationem
1285 1871 1450 1935 metricam

149 1972 183 2059 in
194 1973 354 2053 rhythmo,
366 1993 429 2035 non
441 1972 566 2035 artificii
576 1971 797 2040 observatione
808 1981 943 2049 servata,
956 1973 1011 2036 sed
1024 1982 1100 2036 tono
1111 1981 1145 2035 et
1154 1971 1224 2052 ipsa
1236 1971 1452 2036 modulatione

150 2074 301 2137 ducente.
376 2084 379 2089 ’

191 2173 369 2236 Priscianus
381 2172 491 2252 partit.
506 2172 534 2248 1,
549 2174 588 2234 29
599 2191 631 2253 p.
646 2172 716 2249 466,
731 2175 768 2234 22
783 2173 825 2233 Κ.

150 2274 237 2335 Cano
278 2321 285 2335 .
328 2321 335 2334 .
378 2321 385 2334 .
429 2322 435 2335 .
478 2270 576 2335 Cuius
613 2281 663 2334 est
700 2271 945 2352 coniugationis?
984 2271 1110 2335 Tertiae
1148 2280 1318 2352 correptae.
1361 2272 1452 2334 Unde
1475 2286 1683 2332 nouunmmm:

150 2372 210 2436 hoc
225 2383 346 2436 certum
361 2374 426 2434 est?
466 2372 548 2449 Quia
563 2381 596 2434 et
610 2372 713 2452 prima
727 2391 861 2451 persona
877 2380 952 2434 ante
967 2392 984 2433 o
999 2381 1225 2435 consonantem
1239 2371 1347 2448 habet,
1363 2372 1450 2451 quod
1473 2370 1700 2473 ffiffi‘fflff

149 2472 183 2534 in
202 2473 296 2536 tertia
313 2474 467 2553 producta
486 2471 553 2534 sive
570 2479 684 2552 quarta
702 2471 922 2552 coniugatione
941 2471 1076 2535 inveniri
1094 2491 1159 2533 non
1175 2480 1292 2552 potest,
1311 2480 1344 2533 et
1362 2473 1445 2552 quod

150 2592 215 2635 non
228 2572 329 2635 solum
342 2572 376 2634 in
390 2572 526 2634 secunda
539 2591 674 2652 persona
686 2573 716 2633 is
728 2570 832 2634 finalis
845 2571 1023 2652 corripitur,
1037 2591 1113 2634 cono
1126 2571 1222 2647 6666,
1238 2573 1292 2635 sed
1305 2571 1403 2635 etiam
1416 2571 1450 2633 in

148 2670 264 2752 plurali
272 2671 554 2751 numeroinprima
563 2681 596 2733 et
606 2672 743 2735 secrmda
751 2674 907 2752 personai
920 2670 1115 2752 paenultima
1125 2671 1300 2752 corripitur.
1336 2672 1451 2752 Itaque

149 2771 420 2852 antepaenultima
438 2771 471 2833 in
489 2771 539 2834 his
562 2771 687 2834 acuitur
709 2772 861 2851 personis,
879 2780 918 2834 ut
934 2773 1073 2834 6666666
1091 2772 1216 2848 calatin·
1233 2791 1291 2834 nec
1309 2791 1373 2835 non
1391 2772 1450 2834 im·

148 2873 312 2953 perativus
325 2891 450 2952 quoque
463 2881 497 2934 et
508 2871 685 2933 infinitivus
698 2892 713 2933 e
726 2880 902 2951 correptam
915 2871 1079 2948 habentes,
1094 2871 1178 2935 sicut
1191 2871 1287 2934 etiam
1301 2874 1450 2934 Donatus

149 2972 252 3047 docet,
271 2971 526 3035 manifestissime
543 2971 577 3034 id
595 2972 778 3034 ostendunt.

189 3073 339 3135 Donatus
350 3092 383 3151 p.
399 3068 468 3146 371,
483 3073 500 3132 2
516 3073 558 3133 Κ.

149 3172 256 3234 Tonos
272 3171 328 3234 alii
341 3181 500 3246 accentus,
517 3170 571 3232 alii
589 3180 713 3234 tenores
728 3169 904 3233 nominant.
944 3170 1027 3232 Toni
1042 3170 1138 3252 igitur
1154 3179 1219 3232 tres
1235 3179 1321 3248 sunt,
1337 3180 1450 3233 acutus

149 3271 254 3350 gravis
270 3272 494 3334 circumflexus.
534 3272 656 3333 Acutus
673 3290 745 3333 cum
762 3271 794 3332 in
813 3270 941 3333 Graecis
956 3269 1149 3333 dictionibus
1166 3269 1227 3333 tria
1244 3269 1313 3333 loca
1330 3279 1449 3347 teneat,

149 3370 297 3434 ultimum
318 3370 548 3452 paenultimum
570 3381 603 3433 et
624 3370 939 3451 antepaenultimum,
961 3370 1046 3450 apud
1068 3370 1199 3432 Latinos
1219 3369 1449 3450 paenultimum

149 3479 184 3532 et
212 3470 518 3552 antepaenultimum
548 3480 647 3547 tenet,
676 3469 824 3533 ultimum
852 3489 1036 3550 numquam.
1077 3470 1302 3533 circumflexus
1329 3478 1448 3545 autem,

150 3570 307 3651 quotlibet
333 3570 523 3650 syllabarum
551 3570 593 3633 sit
618 3569 727 3647 dictio,
754 3590 818 3632 non
845 3569 967 3633 tenebit
991 3569 1053 3631 nisi
1077 3570 1308 3650 paenultimum
1334 3568 1447 3633 locum.

149 3670 266 3733 Gravis
280 3671 314 3733 in
330 3672 439 3734 eadem
456 3670 594 3733 dictione
609 3671 661 3733 vel
675 3690 748 3732 cum
763 3680 858 3732 acuto
874 3670 926 3733 vel
940 3689 1012 3732 cum
1028 3669 1225 3734 circumflexo
1239 3670 1316 3750 poni
1330 3678 1448 3750 potest,

149 3780 183 3832 et
195 3771 256 3833 hoc
269 3770 313 3832 illi
326 3791 391 3833 non
404 3780 454 3832 est
467 3790 633 3833 commune
646 3791 718 3832 cum
732 3770 853 3833 ceteris.
893 3770 977 3848 Ergo
990 3768 1216 3850 monosyllaba,
1232 3788 1312 3849 quae
1326 3789 1448 3849 correp

149 3878 217 3932 tam
237 3870 377 3933 vocalem
398 3870 572 3948 habebunt,
592 3880 688 3933 acuto
708 3879 841 3932 accentu
859 3868 1146 3950 pronuntiabimus,
1166 3877 1204 3932 61
1217 3870 1276 3950 sax
1298 3876 1351 3947 pix
1370 3877 1449 3941 666·

149 3990 231 4050 quae
245 3971 433 4050 productam
449 3970 591 4033 vocalem
605 3970 779 4047 habebunt,
795 3970 992 4033 circumflexo
1007 3978 1141 4033 accentu
1160 3969 1447 4049 pronuntiabimus,

147 4081 187 4132 ut
205 4074 252 4132 ras
269 4072 323 4132 dos
340 4074 419 4151 spes.

189 4170 229 4232 In
248 4169 420 4250 disyllabis,
442 4190 523 4250 quae
542 4171 678 4249 priorem
697 4170 885 4250 productam
906 4168 1076 4232 habuerint
1101 4179 1135 4231 et
1154 4168 1357 4248 posteriorem
1381 4189 1448 4231 cor-

147 4278 283 4350 reptam,
303 4270 438 4350 priorem
459 4269 613 4350 syllabam
633 4269 921 4345 circumflectemus,
941 4269 1198 4331 61662166νέ16·
1219 4268 1275 4330 ubi
1293 4268 1448 4348 posterior

147 4369 270 4450 syllaba
292 4370 448 4451 producta
470 4369 576 4445 fuerit,
600 4388 749 4433 acuemus
770 4369 907 4449 priorem
930 4369 997 4430 sive
1020 4365 1074 4431 illa
1097 4377 1242 4448 correpta
1265 4367 1361 4431 fuerit
1380 4368 1447 4431 sive

145 4469 313 4551 producta,
333 4478 370 4532 ut
387 4474 480 4548 nepos
497 4469 586 4552 leges:
604 4469 660 4532 ubi
676 4468 789 4531 ambae
806 4469 917 4532 breves
935 4467 1062 4544 fuerint,
1080 4487 1229 4531 acuemus
1244 4467 1391 4549 priorem,
1411 4476 1448 4530 ut

147 4571 246 4634 tenus
259 4569 368 4632 maleta

188 4669 228 4732 In
255 4668 426 4748 trisyllabis
457 4677 492 4731 et
523 4667 737 4749 tetrasyllabis
768 4677 803 4731 et
834 4667 991 4749 deinceps,
1025 4667 1052 4729 si
1079 4667 1276 4747 paenultima
1302 4676 1447 4748 correpta

96 4816 105 4821 -
146 4769 254 4846 luerit,
282 4789 430 4832 acuemus
456 4767 770 4849 antepaenultimam,
799 4777 836 4830 ut
864 4767 986 4831 Tullius
1011 4768 1179 4831 Hostiliam:
1206 4767 1234 4829 si
1250 4765 1447 4846 paenultima

146 4868 304 4949 positione
322 4867 415 4948 longa
432 4867 538 4945 fuerit,
556 4868 625 4949 ipsa
642 4877 774 4932 acuetur
791 4874 824 4930 et
841 4866 1112 4948 antepaenultima
1130 4866 1220 4945 gravi
1236 4874 1368 4928 accentu
1374 4886 1446 4947 pro·
