3942 6130
453 807 528 868 ‘iiia
547 807 733 868 lammari
754 823 795 868 or
814 823 880 869 mu
899 808 1004 869 ham
1024 808 1157 870 Accaus
1419 810 1455 870 61

201 1005 371 1069 Cledonius
382 1026 414 1086 p.
431 1005 479 1082 74,
493 1008 532 1068 28
546 1007 588 1068 K.

159 1106 206 1171 Ve
222 1107 329 1169 iuncta
345 1105 524 1169 coniunctio
540 1116 598 1182 est,
615 1117 761 1187 separata
776 1107 952 1169 interiectio
968 1116 1027 1185 est,
1043 1108 1096 1170 vel
1110 1119 1255 1189 separata
1272 1107 1456 1171 adverbium

154 1217 219 1282 est,
238 1206 347 1269 iuncta
364 1205 542 1268 coniunctio
561 1216 609 1269 est
627 1218 661 1269 et
678 1225 805 1285 gravem
825 1217 989 1270 accentum
1009 1207 1041 1268 in
1061 1208 1280 1270 coniunctione
1297 1208 1405 1284 habet,
1423 1208 1456 1269 in

155 1306 311 1369 adverbio
324 1315 463 1369 acutum.

201 1406 372 1471 Cledonius
383 1428 415 1486 p.
432 1405 480 1482 76,
494 1407 514 1466 9
527 1407 569 1468 K.

158 1507 323 1582 (Donatus
339 1514 372 1587 pL
390 1506 460 1581 389,
478 1507 518 1567 30
535 1508 577 1585 K,
596 1506 632 1567 in
648 1514 676 1568 et
692 1527 747 1567 con
764 1507 1010 1585 praepositiones,
1028 1507 1058 1568 sl
1075 1508 1119 1568 ito
1136 1509 1315 1587 compositae
1327 1508 1457 1588 suerint,

153 1616 192 1669 ut
206 1629 257 1669 aas
270 1607 373 1669 statim
386 1628 402 1669 s
416 1605 459 1668 vel
467 1606 489 1685 s
500 1606 614 1669 litterae
626 1604 857 1686 consequantur)
874 1607 1047 1687 plerumque
1061 1609 1277 1687 producuntur,
1292 1615 1326 1669 ut
1340 1609 1456 1671 insidat

153 1707 239 1770 istae
258 1727 323 1769 non
342 1717 409 1769 tam
428 1705 584 1786 positione
603 1705 713 1786 longae
733 1716 807 1768 sunt
827 1725 922 1786 quam
942 1718 1067 1784 natura,
1089 1718 1125 1769 ut
1143 1708 1244 1787 prima
1265 1708 1382 1770 vocalis
1401 1707 1458 1769 cir-

156 1808 347 1870 cumflexum
361 1805 506 1886 accipiat.

202 1906 371 1970 Cledonius
383 1927 415 1986 p.
432 1906 479 1983 78,
495 1908 512 1967 2
527 1907 569 1967 K.

157 2007 415 2086 Praepositionas:
435 2007 475 2068 dd
494 2005 685 2085 praepositio
705 2017 834 2067 acutum
855 2006 964 2096 habet,
985 2018 1091 2070 mutat
1110 2017 1275 2071 accentum
1296 2007 1403 2069 iuncta
1425 2019 1457 2069 et

157 2105 347 2186 loquellaris,
362 2116 399 2169 ut
414 2105 521 2185 adigit,
535 2114 569 2168 et
582 2105 757 2185 penultima
771 2105 868 2168 habet
882 2116 1058 2171 accentum.
1098 2108 1188 2182 Prot,
1203 2108 1370 2187 praevalia
1385 2114 1458 2187 prat

157 2207 258 2269 habet
278 2206 518 2269 circumflexum.
560 2207 612 2267 Ita
634 2217 667 2268 et
688 2209 705 2268 d
726 2206 958 2269 circumflexum
978 2206 1085 2281 habet,
1107 2214 1208 2269 ammo
1228 2206 1262 2270 in
1282 2206 1457 2286 penultima

157 2316 303 2382 acutum;
331 2306 483 2369 Horatius
503 2315 611 2368 tamen
626 2326 642 2367 0
657 2306 785 2368 brevem
805 2306 921 2386 posuit,
935 2307 983 2369 ait
999 2308 1112 2369 ‘certus
1125 2307 1238 2370 omitte
1253 2307 1355 2369 tueri'.
1397 2309 1457 2369 Sed

158 2407 220 2467 hoc
242 2405 335 2468 metri
361 2407 462 2486 gratia
482 2404 895 2485 praesumsit—Acaunum:
915 2417 1027 2470 acutae
1055 2416 1129 2468 sunt
1155 2428 1211 2469 con
1232 2407 1265 2468 di
1286 2407 1344 2468 dis.
1386 2406 1456 2469 Vim

158 2525 250 2567 suam
267 2516 375 2568 autem
392 2516 624 2568 commutantes
641 2515 715 2566 sunt
731 2525 852 2585 graves,
867 2506 893 2569 si
906 2506 1048 2569 dicamus
1060 2507 1203 2569 amidam:
1220 2508 1262 2569 du
1275 2506 1359 2570 enim
1374 2527 1457 2568 nunc

157 2606 354 2685 producitur.

201 2704 371 2768 Cledonius
383 2725 415 2784 p.
431 2705 479 2781 79,
496 2707 531 2768 15
547 2705 589 2766 Κ.

157 2807 308 2867 Attenuat
324 2806 590 2867 imeriedionidus:
611 2803 644 2867 in
657 2805 706 2867 his
716 2804 983 2867 interiectionibus
994 2825 1057 2868 non
1073 2816 1206 2884 possunt
1223 2807 1300 2869 certi
1310 2817 1458 2868 accentus

158 2905 298 2984 reperiri,
313 2924 394 2984 quae
408 2904 577 2967 inconditis
591 2904 722 2967 vocibus
735 2914 893 2980 constant,
909 2914 946 2967 ut
960 2906 1018 2967 lea
1031 2925 1076 2967 oo.
1119 2906 1206 2968 Certi
1221 2917 1295 2968 sunt
1310 2918 1459 2968 accentus

158 3005 193 3067 in
206 3004 275 3067 istis
288 3024 369 3085 quae
380 3014 514 3084 possunt
525 3004 685 3084 distingui,
699 3014 736 3067 ut
748 3008 848 3083 popae
861 3012 942 3069 areat

202 3105 369 3184 Pompeius
381 3125 414 3185 p.
431 3105 498 3180 120,
511 3106 549 3167 31
565 3106 606 3166 Κ.

158 3205 248 3266 Arsis
265 3215 299 3267 et
317 3204 414 3267 thesis
431 3205 547 3268 dicitur
564 3204 698 3267 elevatio
716 3214 749 3266 et
767 3203 892 3283 positio.
934 3205 980 3266 Ut
997 3214 1076 3284 puta
1094 3206 1200 3296 Romo.
1241 3207 1338 3266 Romo
1355 3206 1458 3285 prima

159 3303 282 3383 syllaba
296 3304 381 3367 arsin
395 3304 503 3381 habet,
518 3305 655 3367 secunda
670 3302 791 3382 syllaba
806 3303 919 3366 thesin.
960 3304 1044 3382 Quid
1059 3304 1086 3366 si
1101 3313 1253 3384 quattuor
1267 3304 1457 3384 syllabarum

158 3403 274 3468 fuerit?
314 3406 406 3467 Duae
427 3415 520 3467 erunt
539 3404 572 3465 in
593 3405 656 3466 arsi
676 3413 709 3466 et
729 3404 811 3467 duae
831 3403 865 3465 in
887 3403 977 3465 thesi.
1018 3403 1102 3482 Quid
1123 3404 1150 3465 si
1169 3408 1259 3467 octo?
1300 3406 1459 3482 Quattuor
1484 3442 1618 3494 nonnius:

159 3504 259 3567 habet
278 3504 356 3566 arsis
376 3514 410 3567 et
430 3513 581 3584 quattuor
601 3503 708 3567 thesis.
749 3503 833 3582 Quid
853 3504 880 3564 si
900 3514 964 3566 tres
985 3515 1069 3579 sunt,
1090 3503 1124 3565 id
1144 3513 1193 3566 est
1213 3504 1289 3584 quid
1311 3505 1337 3567 si
1357 3505 1460 3585 impar
1485 3536 1506 3567 c.
1523 3525 1711 3570 moestuosos

159 3607 326 3666 numerus?
368 3605 400 3667 Si
423 3603 525 3684 impar
548 3623 697 3667 numerus
721 3602 826 3678 fuerit,
851 3602 997 3682 quotiens
1014 3592 1124 3666 'media
1149 3602 1269 3683 syllaba
1293 3613 1457 3667 accentum
1484 3580 1587 3626 army.

158 3703 267 3773 habet.
288 3703 366 3765 arsis
386 3703 516 3767 habebit
535 3723 634 3765 unum
655 3712 781 3784 tempus
800 3713 833 3765 et
854 3702 951 3765 thesis
970 3703 1047 3780 duo;
1068 3703 1214 3783 quotiens
1232 3704 1318 3786 prior
1337 3703 1458 3782 syllaba

158 3802 307 3866 habuerit
323 3814 499 3879 accentum,
516 3802 595 3866 arsis
611 3803 742 3866 habebit
759 3803 822 3865 duo
841 3813 984 3882 tempora
1001 3812 1034 3865 et
1051 3802 1150 3866 thesis
1167 3823 1274 3865 unum.
1317 3805 1362 3866 Ut
1378 3814 1458 3884 puta

158 3890 310 3966 Camillus
334 3903 461 3982 quando
485 3903 627 3978 dicimus,
652 3922 722 3965 ecce
745 3903 849 3965 media
873 3902 993 3979 syllaba
1017 3912 1182 3965 accentum
1199 3903 1309 3966 habet:
1326 3904 1459 3966 dicimus
1548 3916 1551 3921 '

157 4003 193 4064 in
210 4003 273 4065 arsi
289 4022 388 4064 unum
405 4012 438 4065 et
461 4003 495 4065 in
519 4002 600 4065 thesi
617 4003 690 4065 duo.
731 4001 878 4064 Romulus
897 4003 1023 4082 quando
1047 4003 1189 4078 dicimus
1212 4003 1314 4084 prima
1338 4002 1459 4081 syllaba

156 4103 257 4165 habet
275 4112 454 4165 accentum:
473 4101 607 4165 dicimus
626 4103 689 4165 duo
709 4102 741 4165 in
760 4103 833 4178 arsi,
851 4122 950 4163 unum
966 4102 1000 4163 in
1020 4102 1111 4165 thesi.
1152 4104 1235 4181 Ergo
1254 4103 1288 4168 in
1307 4104 1386 4181 istis,
1404 4103 1459 4165 ubi

157 4223 225 4265 non
236 4212 310 4265 sunt
322 4202 468 4282 aequales
479 4201 628 4280 syllabae,
641 4204 768 4283 quando
780 4203 894 4265 debeat
905 4202 983 4265 arsis
994 4203 1057 4265 duo
1069 4202 1184 4265 habere
1195 4212 1348 4283 tempora,
1360 4223 1458 4264 unum

159 4302 267 4378 thesis,
280 4302 332 4365 vel
349 4302 475 4382 quando
494 4322 592 4364 unum
608 4303 687 4365 arsis
705 4312 738 4365 et
756 4303 819 4364 duo
838 4302 945 4377 thesis,
958 4323 995 4365 ex
1008 4302 1145 4366 accentu
1162 4302 1289 4383 colligis.
1330 4304 1413 4365 Nam
1433 4303 1460 4365 si

158 4402 264 4464 media
281 4401 402 4481 syllaba
418 4412 583 4465 accentum
601 4392 757 4477 habuerit,
776 4403 906 4464 ultimae
923 4401 1062 4480 syllabae
1078 4401 1180 4481 iungis
1196 4402 1287 4483 plura
1306 4413 1458 4482 tempora,

159 4512 197 4563 ut
214 4502 293 4567 arsis
308 4502 424 4565 habeat
439 4521 548 4579 unum,
564 4503 661 4565 thesis
675 4504 751 4579 duo;
769 4503 795 4564 si
812 4504 896 4583 prior
913 4502 1034 4580 syllaba
1048 4502 1193 4565 habuerit
1210 4514 1386 4579 accentum,
1397 4504 1460 4564 arsi

157 4601 263 4682 iungis
274 4601 366 4682 plura
381 4612 533 4681 tempora.

201 4701 368 4781 Pompeius
381 4723 412 4781 p.
430 4703 496 4777 124,
514 4703 550 4763 19
564 4703 605 4762 K.

158 4801 290 4863 Iambus
305 4801 435 4881 duplam
458 4800 554 4864 habet
576 4801 774 4877 divisionem3
798 4822 895 4863 unum
918 4801 1015 4864 habet
1037 4801 1125 4876 arsis,
1148 4800 1212 4863 duo
1235 4801 1341 4864 thesis.
1382 4804 1459 4863 Tro·

158 4902 578 4977 chaeustduoinarsi,unum
587 4902 619 4962 in
627 4902 717 4964 thesi.
759 4900 1458 4980 Molossussexhabettempora,sedquattuor
