3942 6130
466 790 541 850 Tns
561 789 748 850 Tiiiniriou
768 803 810 850 or
829 805 896 850 rna
914 788 1021 850 Liirni
1040 789 1175 851 Accaus
1432 788 1471 850 23

413 988 509 1068 Pinge
523 988 602 1051 duos
615 1006 746 1067 angues:
758 989 858 1068 pueri,
873 1006 959 1052 sacer
972 998 1021 1051 est
1034 989 1130 1066 locus,
1145 988 1234 1051 extra

414 1089 524 1151 Meite.
709 1087 713 1095 ’

170 1189 337 1250 Terentius
362 1189 394 1251 in
420 1188 621 1250 Phormione:
646 1189 728 1251 extrd
752 1197 858 1250 enom·
872 1187 1027 1250 onkiilom
1068 1235 1075 1249 .
1118 1235 1126 1249 .
1169 1236 1176 1250 .
1219 1235 1227 1250 .
1272 1184 1386 1263 (Inter)
1413 1187 1473 1248 hoc

170 1308 296 1368 quoque
309 1287 395 1368 apud
411 1287 547 1350 Graecos
559 1288 627 1350 sine
639 1286 736 1349 dubio
749 1286 937 1349 adverbium
949 1297 1011 1364 est:
1028 1286 1183 1367 significat
1199 1288 1285 1349 enim
1302 1293 1337 1351 τὸ
1353 1291 1471 1364 μεταξύ.

170 1388 239 1450 Nec
253 1388 356 1450 solum
372 1387 548 1451 casualibus
562 1388 769 1467 praeponitur
784 1387 870 1467 apud
885 1407 943 1449 nos
957 1396 991 1450 et
1006 1397 1168 1467 gravatur,
1184 1387 1240 1449 sed
1255 1388 1353 1449 etiam
1368 1385 1473 1449 verbis

169 1497 277 1567 potest
289 1488 418 1568 adiungi
430 1498 464 1551 et
476 1488 673 1568 paenultima
685 1488 767 1565 acui,
781 1497 818 1549 ut
830 1488 857 1549 si
870 1487 987 1549 dicam:
1000 1495 1034 1549 tu
1046 1487 1239 1565 dextrorsum,
1254 1486 1307 1549 ille
1319 1486 1473 1549 sinistror-

170 1607 249 1665 sum,
272 1607 323 1666 ego
345 1609 432 1650 curro
453 1594 532 1650 inter
573 1636 580 1650 .
624 1635 631 1650 .
675 1636 682 1648 .
725 1635 732 1649 .
774 1587 836 1649 Hic
856 1607 930 1667 ergo
952 1606 1077 1667 quoque
1094 1586 1259 1664 admoneo,
1277 1586 1364 1666 quod
1380 1605 1473 1666 saepe

170 1687 244 1764 dixi,
262 1688 368 1749 omnia
384 1706 432 1764 ea,
451 1706 532 1767 quae
549 1705 644 1767 supra
661 1687 747 1749 dicta
764 1686 850 1767 apud
869 1686 1005 1750 Graecos
1021 1687 1087 1749 sine
1105 1686 1202 1749 dubio
1218 1686 1369 1749 adverbia
1386 1695 1472 1763 sunt,

169 1787 301 1850 Latinos
314 1789 413 1851 etiam
427 1788 509 1850 inter
522 1787 770 1867 praepositiones
783 1806 909 1867 ponere,
924 1806 972 1864 eo,
988 1787 1063 1867 quia
1077 1787 1328 1867 frequentissime
1342 1787 1473 1849 casuali-

62 1895 73 1913 '
170 1886 230 1950 bus
244 1897 484 1967 praeponuntur
498 1897 532 1949 et
548 1897 732 1967 gravantur,
749 1886 835 1966 quod
857 1906 950 1949 suum
965 1897 1014 1949 est
1029 1887 1308 1967 praepositionum,
1325 1896 1368 1964 et,
1386 1886 1473 1966 quod

169 1989 389 2068 interpretatio
405 1987 554 2063 ostendit,
570 1988 669 2049 etiam
683 1987 952 2066 praepositionum
967 1986 1165 2066 quarundam
1180 1987 1249 2049 loco
1263 2005 1318 2049 eas
1332 1988 1418 2066 poni,
1436 1995 1472 2049 ut

170 2088 248 2149 inter
267 2087 361 2149 modo
381 2094 417 2152 τὸ
433 2093 491 2164 διὰ,
512 2087 606 2148 modo
626 2094 662 2151 τὸ
678 2093 708 2150 ἐν
727 2087 921 2149 ostendimus
940 2086 1154 2149 demonstrare
1197 2135 1204 2149 .
1248 2134 1255 2148 .
1299 2134 1306 2148 .
1349 2134 1357 2149 .

210 2189 230 2249 Ι
229 2187 301 2267 asro
314 2188 413 2250 etiam
426 2186 468 2248 ab
482 2187 518 2249 in
531 2206 597 2249 esse
612 2196 726 2248 natum
739 2196 828 2266 putu,
844 2196 877 2249 et
892 2185 1047 2266 significat
1064 2193 1099 2251 τὸ
1114 2193 1203 2265 κάτω,
1221 2186 1306 2265 quod
1320 2196 1369 2248 est
1382 2185 1471 2265 apud

171 2286 307 2350 Graecos
325 2286 521 2350 adverbium.
563 2286 603 2348 Id
623 2306 747 2366 quoque
766 2296 896 2367 propter
914 2305 1010 2366 supra
1030 2286 1132 2349 dictas
1151 2304 1262 2349 oausas
1281 2287 1364 2349 inter
1382 2304 1473 2366 prae·

168 2387 341 2467 positiones
356 2387 505 2465 recipitur
521 2405 540 2451 a
557 2386 692 2463 latinis3
708 2385 958 2477 frequentissime
973 2387 1059 2449 enim
1074 2387 1279 2466 praeponitur
1295 2385 1473 2448 casualibus

170 2496 204 2549 et
216 2497 379 2566 gravatur.
420 2486 587 2550 Terentius
602 2487 635 2549 in
651 2485 818 2548 Eunucho:

583 2605 640 2666 ego
657 2596 689 2648 te
704 2605 772 2648 esse
787 2585 871 2648 inira
885 2605 993 2653 omnes
1009 2585 1133 2649 infimos
1147 2595 1228 2666 puto
1269 2634 1277 2649 .
1321 2634 1328 2650 .
1372 2633 1379 2649 .
1422 2633 1430 2648 .

168 2706 279 2762 mom,
298 2688 412 2765 polam,
431 2686 507 2762 sina
527 2687 644 2766 obsgiae,
663 2693 759 2763 unus,
779 2705 914 2765 quorum
931 2685 1073 2749 omnium
1090 2687 1367 2766 interpretationes
1384 2684 1472 2766 apud

171 2771 307 2849 Graecos
331 2784 482 2849 adverbia
507 2795 591 2848 sunt.
633 2786 695 2848 Sed
719 2786 783 2848 dixi
807 2786 997 2867 saepissime,
1023 2786 1109 2865 quod
1132 2786 1233 2848 nostri
1257 2784 1473 2848 huiuscemodi

168 2885 331 2962 dictiones,
345 2885 472 2965 quando
484 2894 721 2965 praeponuntur
734 2885 858 2948 casibus
868 2886 1056 2973 accusativis
1069 2886 1119 2948 vel
1131 2885 1290 2963 ablativis,
1301 2906 1358 2965 per
1370 2894 1473 2948 trans·

169 2986 300 3049 itionem
322 3004 528 3065 personarum
551 2986 633 3047 inter
656 2985 903 3065 praepositiones
926 2986 1086 3066 accipiunt
1108 2995 1143 3048 et
1166 2995 1302 3066 gravant
1326 2985 1472 3047 omnibus

168 3084 310 3165 syllabis3
320 3084 533 3164 quandovero
543 3084 646 3147 verbis
656 3086 888 3165 coniunguntur
896 3095 930 3147 et
939 3086 1159 3148 intransitivae
1168 3095 1243 3149 sunt
1252 3095 1286 3148 et
1296 3085 1472 3165 generalem

168 3195 298 3248 servant
307 3194 496 3247 accentuum
506 3185 671 3262 rationem,
682 3185 765 3248 inter
773 3183 925 3248 adverbia
934 3196 1113 3248 numerant.

210 3286 399 3347 Censorinus
411 3284 499 3364 apud
512 3276 707 3347 Priscianum
718 3285 834 3362 XIIII,
847 3286 901 3361 40;
913 3287 951 3347 41
965 3305 999 3366 p.
1012 3286 1062 3362 45,
1078 3287 1115 3349 25
1130 3285 1173 3347 H.

168 3384 262 3463 Quod
281 3385 470 3448 Censorinus
487 3403 613 3464 quoque
631 3384 670 3446 de
688 3383 870 3447 acuentibus
886 3384 1054 3465 approbat,
1072 3386 1118 3448 sic
1135 3384 1255 3447 dioens:
1272 3395 1364 3465 super
1380 3404 1471 3467 prae·

167 3486 285 3565 positio
299 3484 386 3565 apud
400 3484 565 3564 Virgilium
578 3485 612 3546 in
628 3485 658 3546 I:

368 3584 475 3646 Multa
491 3584 585 3664 super
601 3585 727 3647 Priamo
743 3585 892 3664 rogitans,
908 3584 1003 3664 super
1018 3585 1155 3646 Hectore
1172 3584 1283 3647 multa.

169 3684 334 3748 Sallustius
350 3703 425 3747 vero
441 3684 474 3746 in
491 3684 629 3746 historiis
646 3682 833 3775 adverbiqim
849 3683 909 3746 hoc
919 3685 1067 3765 protulit:
1079 3684 1133 3747 ubi
1144 3685 1241 3747 mlo
1252 3685 1386 3765 odanda
1396 3704 1472 3748 aoso

167 3790 260 3864 saper
276 3783 347 3846 oaesi
363 3792 451 3865 atque
462 3784 558 3863 possi.
600 3784 661 3846 Sed
673 3783 750 3846 mibi
762 3783 888 3846 videtur
901 3784 1065 3847 Sallustius
1083 3782 1209 3864 quoque
1226 3785 1296 3847 loco
1312 3785 1471 3866 praeposi·

167 3884 248 3947 ionis
260 3883 320 3946 hoc
330 3893 531 3965 praepostere
541 3884 718 3963 protulisse,
730 3884 786 3946 sed
797 3883 944 3964 Virgilius
954 3884 988 3947 in
1000 3885 1034 3945 11
1046 3884 1214 3947 Aeneidos:

893 3983 971 4047 satis
984 4002 1048 4046 una
1061 4003 1216 4064 superque

366 4083 511 4147 VidImus
522 4082 653 4160 excidia,

166 4181 355 4245 adverbium
371 4184 437 4246 sine
456 4182 553 4245 dubio
572 4183 604 4245 in
623 4182 769 4245 hocloco
786 4183 918 4263 aceepit.
959 4182 1050 4245 Idem
1068 4182 1259 4246 Censorinus
1276 4182 1354 4246 baec
1371 4183 1471 4246 etiarn

166 4282 342 4362 subiungit:
359 4290 426 4362 post
436 4282 638 4364 praepositio,
649 4283 795 4363 Virgilius
804 4284 837 4345 in
847 4283 900 4344 III
910 4283 1087 4363 georgicon:
1107 4285 1184 4349 Pbst
1195 4292 1336 4346 montem
1344 4284 1470 4364 opposi-

167 4391 253 4459 tum:

168 4482 253 4545 idem
265 4482 298 4545 in
311 4482 329 4543 I
341 4481 497 4544 Aeneidos
509 4480 709 4544 adverbium:
843 4486 846 4491 ’

433 4581 509 4643 Post
525 4581 602 4644 mibi
616 4601 681 4643 non
696 4582 789 4645 simili
802 4600 905 4663 poena
920 4583 1085 4645 commissa
1099 4582 1202 4645 luetis.

113 4691 121 4701 ’
165 4682 248 4744 Ante
258 4682 449 4762 praepositio
463 4682 495 4744 in
508 4682 526 4743 I
538 4682 716 4761 georgicon:

465 4782 549 4844 Ante
563 4800 657 4843 ovem
669 4782 747 4843 nulli
761 4780 948 4862 subigebant
962 4798 1041 4844 arva
1055 4781 1168 4857 coloni;

165 4890 203 4945 at
218 4881 250 4944 in
266 4882 318 4943 III
331 4880 487 4943 Aeneidos
500 4879 701 4943 adverbium:
