3942 6130
463 849 538 909 Ins
556 849 743 910 Tnanrrron
763 865 805 910 or
825 866 890 911 rna
910 850 1015 913 Larm
1035 849 1169 913 Accaus
1425 849 1463 912 35

167 1047 334 1126 positione,
348 1059 385 1111 ut
398 1050 520 1114 aarum
526 1051 685 1131 fenestrae.
727 1050 830 1113 Huius
843 1062 950 1113 autem
963 1051 1053 1131 pedis
1069 1052 1096 1114 si
1105 1052 1301 1131 paenultima
1310 1051 1466 1131 positione

169 1145 261 1227 longa
273 1149 320 1210 ita
330 1148 436 1225 fuerit,
449 1160 486 1211 ut
497 1144 672 1229 excipIatur
685 1160 750 1212 tam
763 1171 800 1213 ex
812 1162 901 1214 muta
913 1170 1008 1230 quarn
1021 1172 1059 1214 ex
1070 1151 1357 1232 liquida,accentus
1365 1161 1467 1215 trans·

169 1246 269 1309 fertur
286 1249 327 1311 ad
346 1249 473 1311 tertiam
491 1250 532 1312 ab
550 1249 673 1325 ultima,
692 1259 730 1312 nt
742 1251 876 1313 maarai
892 1251 1028 1327 letabor,
1047 1252 1131 1331 quod
1150 1251 1279 1332 quidam
1295 1251 1356 1315 hoc
1368 1271 1467 1331 genus

169 1346 309 1426 syllabae
328 1347 542 1428 paenultimae
560 1349 689 1412 omnino
709 1351 804 1413 breve
823 1352 993 1431 putabant,
1014 1351 1169 1430 quianon
1186 1351 1377 1414 terminatur
1394 1348 1468 1413 con*-

169 1447 308 1523 sonanti,
332 1448 461 1529 qnidam
484 1448 622 1529 longum,
647 1450 797 1529 quoniam
821 1451 966 1530 quamvis
989 1471 1053 1513 non
1077 1452 1266 1514 terminetur
1278 1451 1466 1515 consonanti

169 1546 372 1611 nihilominus
396 1550 539 1630 proxima
565 1549 685 1629 syllaba
710 1570 730 1613 a
754 1550 878 1613 duabus
902 1550 1038 1630 incipiat
1062 1551 1312 1613 consonantibus
1337 1561 1370 1613 et
1383 1552 1468 1631 quod

167 1656 282 1710 natura
292 1647 491 1711 litterarumb
500 1657 534 1711 et
542 1669 568 1725 r,
575 1668 657 1730 quae
665 1649 768 1712 mollis
776 1659 834 1727 est,
842 1670 926 1713 nunc
935 1649 1063 1731 longam
1075 1670 1159 1714 nunc
1170 1652 1298 1714 brevem
1312 1650 1466 1731 syllabam

170 1747 294 1810 efficiat.
336 1749 475 1828 Ideoque
490 1748 611 1811 lactum
627 1760 685 1823 est,
702 1761 740 1812 ut
756 1749 845 1813 varia
860 1752 938 1815 haec
953 1750 1081 1813 nomina
1097 1751 1292 1815 consuetudo
1304 1750 1469 1832 pronunti-

169 1856 240 1909 aret
259 1858 293 1911 et
313 1849 444 1920 tenebas
464 1848 592 1939 lateam
605 1859 700 1912 acuto
720 1860 854 1913 accentu
866 1852 971 1931 prima
990 1850 1111 1930 syllaba
1131 1853 1268 1914 efferret.
1309 1849 1469 1914 Molossus

72 1974 75 1977 ·
170 1948 248 2009 item
273 1968 396 2029 semper
409 1948 543 2026 acuitur,
570 1959 608 2013 ut
633 1951 774 2037 Romani.
815 1951 855 2012 In
881 1949 1095 2030 tetrasyllabis
1113 1962 1222 2016 autem
1255 1959 1290 2014 et
1321 1951 1470 2031 deinceps

170 2047 280 2110 eadem
298 2059 447 2112 accentus
459 2048 543 2111 ratio
559 2069 682 2128 semper
699 2050 888 2113 custoditur.
929 2050 1153 2131 Monosyllaba
1170 2051 1235 2114 iere
1253 2069 1470 2132 quaecumque

171 2155 247 2209 sunt
267 2148 364 2210 verba
377 2158 551 2229 prototypa
572 2170 589 2209 a
610 2148 749 2212 litteram
772 2160 839 2212 tam
860 2171 953 2214 versu
974 2172 1071 2231 quarn
1092 2151 1190 2214 etiarn
1211 2170 1306 2231 prosa
1326 2151 1470 2214 similiter

172 2247 360 2327 productam
373 2248 503 2312 habent.

212 2347 385 2411 Diomedes
398 2369 429 2428 p.
444 2351 514 2424 433,
528 2350 549 2410 4
563 2350 605 2410 K.

172 2447 254 2509 Sane
268 2448 390 2511 Graeca
413 2450 510 2512 verba
525 2447 654 2512 Graecis
677 2448 862 2512 accentibus
885 2451 1057 2526 efferimus,
1081 2451 1109 2512 si
1132 2450 1233 2513 isdem
1259 2449 1377 2513 litteris
1394 2469 1466 2530 pro

170 2546 432 2611 nuntiaverimus.

212 2646 382 2711 Diomedes
394 2669 426 2729 p.
440 2649 511 2724 433,
525 2649 543 2709 5
559 2649 599 2709 Κ.

172 2747 212 2808 In
229 2747 352 2810 Latinis
369 2769 472 2829 neque
488 2758 602 2812 acutus
618 2758 768 2811 accentus
785 2749 819 2810 in
836 2749 949 2812 ultima
967 2749 1087 2829 syllaba
1104 2759 1211 2829 potest
1228 2750 1314 2830 poni,
1332 2749 1393 2812 nisi
1410 2750 1472 2812 dis·

172 2848 320 2911 cretionis
333 2868 437 2924 causa,
452 2849 535 2911 utin
548 2848 699 2911 adverbio
712 2854 790 2928 pont
803 2849 884 2924 ideo,
898 2869 938 2912 ne
952 2850 1083 2911 verbum
1097 2860 1238 2929 putetur,
1252 2860 1286 2913 et
1298 2850 1332 2911 in
1345 2848 1473 2929 quibus-

172 2948 247 3010 dam
258 2948 551 3028 praepositionibus.
593 2949 678 3010 Nam
690 2948 936 3029 praepositiones
949 2958 1112 3028 separatae
1123 2949 1366 3029 monosyllabae,
1374 2968 1473 3029 quan·

174 3056 243 3109 tum
252 3048 287 3110 in
295 3047 372 3128 ipsis
381 3058 439 3125 est,
450 3049 521 3111 acui
530 3048 657 3125 debent,
668 3049 723 3110 sed
734 3048 860 3111 iunctae
870 3049 993 3112 casibus
1002 3058 1060 3112 ant
1069 3049 1139 3111 aliis
1154 3049 1298 3128 partibus
1313 3049 1473 3112 interdum

172 3145 238 3209 vim
254 3167 343 3210 suam
357 3148 495 3228 perdunt
509 3159 719 3229 secunturque
733 3147 857 3211 illarum
872 3160 1019 3211 naturam
1035 3159 1068 3212 et
1082 3149 1180 3229 gravi,
1196 3169 1260 3211 non
1274 3158 1380 3226 acuto,
1395 3168 1474 3212 sono

171 3236 429 3327 pronuntiantur,
443 3258 480 3313 ut
493 3249 623 3328 produco
636 3250 756 3311 dedara.
798 3250 880 3311 Item
894 3249 1099 3313 inveniuntur
1111 3269 1182 3311 raro
1195 3248 1378 3328 disyllabae,
1392 3268 1475 3328 quae

171 3346 243 3408 aeui
260 3346 450 3424 desiderant,
468 3357 506 3410 ut
523 3359 571 3411 est
587 3349 700 3410 circam
716 3349 804 3410 inter.
846 3350 992 3428 Denique
1009 3349 1224 3411 circumflexus
1240 3348 1369 3429 ponitur
1386 3349 1420 3410 in
1437 3367 1475 3411 ea

171 3446 338 3527 particula,
357 3467 437 3527 quae
454 3459 503 3511 est
520 3448 604 3527 apud
624 3447 792 3527 Vergilium
811 3452 890 3528 erga:
908 3449 994 3511 illias
1011 3453 1078 3528 erga
1091 3450 1246 3535 Venimus.
1264 3449 1331 3511 Can
1350 3466 1475 3527 quoque

171 3547 363 3627 praepositio
377 3546 526 3626 conplexa
534 3549 556 3627 f
566 3545 618 3609 vel
630 3567 646 3608 s
660 3547 843 3609 subiunctas
856 3547 978 3611 litteras
991 3549 1146 3628 producta
1167 3569 1183 3610 a
1204 3547 1475 3628 pronuntiabitur;

165 3649 190 3727 j
197 3655 236 3708 ut
245 3647 364 3727 consido
375 3650 492 3728 confero
503 3648 658 3726 confestim
668 3650 831 3728 consertus·
840 3649 951 3710 eodem
963 3650 1057 3711 modo
1075 3669 1102 3723 s,
1120 3658 1157 3710 ut
1174 3648 1296 3710 marulo
1313 3648 1475 3710 amando

172 3755 302 3810 marona
321 3748 449 3809 consisto
467 3748 585 3820 consul·
603 3756 637 3809 et
656 3766 746 3809 versa
765 3747 834 3809 vice
853 3748 962 3810 eadem
982 3748 1052 3810 aliis
1070 3747 1184 3810 litteris
1203 3747 1383 3828 praeposita
1408 3766 1474 3808 cor-

172 3845 297 3924 ripitur,
323 3855 360 3908 ut
384 3849 514 3909 rdrrdaaa
538 3849 679 3909 adalinuo
709 3848 807 3909 cintia
831 3849 948 3909 caniaco
972 3853 1103 3911 cannata
1127 3853 1249 3910 rdnaoca
1273 3846 1476 3927 cdnpralraada

173 3950 324 4025 congrego.

215 4046 386 4108 Diomedes
398 4066 429 4125 p.
444 4048 513 4122 433,
531 4048 567 4109 19
581 4048 623 4108 Κ.

174 4146 258 4208 Item
271 4145 450 4208 coniunctio
462 4145 656 4228 complexiva
669 4146 735 4208 sive
747 4146 928 4225 copulativa
939 4168 995 4226 qua
1007 4157 1040 4209 et
1052 4147 1243 4209 disiunctiva
1255 4167 1287 4208 aa
1298 4156 1331 4208 et
1343 4144 1476 4208 relativa
1544 4195 1550 4209 .

175 4267 213 4307 na
236 4246 405 4308 adiunctae
429 4245 534 4309 verbis
557 4256 590 4308 et
615 4246 701 4326 ipsae
725 4246 880 4308 amittunt
904 4246 1066 4326 fastigium
1092 4256 1125 4309 et
1149 4247 1237 4309 verbi
1261 4245 1477 4308 antecedentis

174 4345 297 4425 longius
319 4346 459 4425 positum
483 4365 632 4408 cacumen
654 4346 818 4408 adducimt
840 4366 878 4408 ac
900 4345 988 4409 iuxta
1011 4367 1045 4409 se
1067 4347 1207 4426 proxime
1230 4344 1408 4421 conlocant;
1432 4345 1478 4406 sic

174 4467 240 4526 que,
258 4454 295 4507 ut
312 4446 478 4525 liminaque
494 4446 655 4526 lautisque
666 4446 729 4518 dai·
746 4445 826 4508 item
843 4465 884 4521 aa,
902 4457 939 4508 ut
956 4448 1141 4524 Hyrcanisue
1157 4448 1301 4508 Arabisve
1318 4452 1428 4525 param
1445 4454 1478 4506 et

174 4546 332 4607 calathisve
346 4547 386 4607 M
385 4546 516 4618 ineroaa;
529 4566 577 4621 na,
592 4554 630 4608 ut
643 4546 816 4610 hominesne
823 4548 957 4626 faraone.

216 4645 430 4724 Diomedesp.
445 4646 514 4721 433,
529 4645 569 4707 30
581 4645 626 4706 K:
640 4665 690 4708 see
705 4648 862 4708 Donatus.

216 4745 387 4807 Diomedes
399 4765 431 4824 p.
446 4746 516 4820 433,
530 4747 566 4807 31
584 4746 625 4806 K.

175 4846 332 4907 Accentus
352 4845 386 4906 in
406 4843 535 4925 integris
555 4843 745 4907 dictionibus
765 4846 983 4920 observantur,
1004 4844 1038 4906 in
1058 4845 1227 4924 peregrinis
1247 4854 1355 4906 autern
1376 4842 1480 4906 verbis

177 4954 211 5007 et
226 4944 260 5006 in
276 4944 419 5008 barbaris
435 4945 625 5019 nominibus,
642 4944 776 5007 maxime
792 4946 826 5006 in
842 4944 1111 5006 interiectionibus
1128 4943 1204 5006 nulli
1221 4943 1298 5006 certi
1314 4953 1398 5005 sunt.
1439 4944 1479 5004 In
