3942 6130
503 760 541 821 24
960 760 1067 837 Jmms
1089 761 1119 823 S.
1142 761 1340 823 Mchrona

740 934 827 1021 l‘lnte
844 968 876 1020 et
892 959 1053 1024 Trinacria
1069 959 1236 1024 lentandus
1250 981 1355 1026 remus
1371 962 1403 1023 iu
1419 960 1518 1037 unda;

502 1066 596 1137 supra
611 1059 812 1138 praepositio,
828 1059 974 1138 Virgilius
991 1060 1024 1121 in
1037 1061 1078 1122 V:

779 1158 840 1220 Olli
857 1159 1015 1221 caeruleus
1032 1162 1127 1239 supra
1144 1170 1240 1240 caput
1258 1161 1362 1223 astitit
1379 1160 1492 1235 imber3

501 1257 696 1334 adverbium,
716 1258 881 1320 Sallustius
892 1259 924 1320 in
936 1259 1137 1341 Iugurthino:
1153 1269 1253 1339 pauca
1269 1267 1364 1339 sopra
1381 1268 1521 1340 repetam.

501 1358 528 1420 C
529 1366 615 1420 aratra
626 1360 819 1438 praepositio
832 1357 918 1438 apud
932 1359 1096 1438 Virgilium
1109 1360 1142 1421 in
1156 1361 1251 1422 VIII:

676 1457 797 1523 Contra
814 1459 1003 1538 Neptunum
1019 1468 1052 1520 et
1070 1460 1223 1522 Venerem
1247 1470 1419 1539 contraque
1438 1459 1633 1535 Minervam;

503 1557 587 1620 idern
603 1556 790 1620 adverbium
806 1558 839 1620 in
862 1558 896 1619 II
920 1559 1097 1638 georgicon:

680 1657 801 1720 Contra
813 1678 877 1720 non
891 1659 954 1720 ulla
966 1669 1016 1720 est
1029 1659 1104 1721 oleis
1117 1660 1250 1722 cultura.

506 1758 602 1836 Prope
615 1758 816 1837 praepositio,
830 1759 862 1819 in
876 1759 957 1820 VIII
970 1759 1130 1838 VIrgilius:

729 1859 787 1919 Est
802 1859 911 1937 ingens
926 1857 1062 1938 gelidum
1077 1859 1166 1921 lucus
1180 1859 1279 1938 prope
1295 1858 1429 1921 Caeritis
1444 1877 1583 1935 amnem;

503 1956 690 2019 adverbium
705 1958 737 2020 in
753 1958 892 2020 Terentii
906 1958 1038 2020 Andria:

713 2058 812 2137 Prope
828 2057 928 2133 adest,
944 2076 1017 2119 cum
1030 2058 1133 2120 alieno
1148 2077 1232 2120 more
1247 2058 1420 2120 vivendum
1433 2067 1483 2121 est
1498 2058 1584 2120 mihi.

508 2157 595 2219 Ultra
610 2158 801 2237 praepositio
818 2158 904 2237 apud
922 2159 1104 2220 Sallustium
1121 2160 1153 2220 in
1171 2158 1372 2237 Iugurthino:
1389 2156 1556 2238 Maurique
1572 2178 1685 2220 aonam
1702 2176 1809 2237 genus,

505 2266 538 2318 ut
557 2257 621 2318 aiio
640 2257 773 2337 Africae,
789 2257 1010 2333 contendebam,
1030 2258 1191 2337 antipodas
1207 2259 1287 2320 ultra
1314 2258 1508 2338 Aethiopiam
1534 2259 1618 2322 cultu
1642 2259 1809 2320 Persarum

505 2357 601 2420 iratos
617 2366 643 2419 ct
660 2357 789 2436 egregios
805 2377 901 2436 agore·
918 2357 1190 2437 adverbiumzlogo
1208 2358 1329 2419 assidue
1346 2358 1425 2420 nihil
1447 2359 1528 2420 altra
1545 2358 1677 2439 socians.
1718 2358 1815 2420 Haec

507 2457 705 2534 Censorinus,
723 2468 759 2519 ut
775 2476 870 2537 supra
886 2457 959 2535 dixi,
977 2457 1015 2519 de
1030 2458 1212 2520 accentibus
1228 2468 1379 2520 tractans.

547 2557 736 2620 Censorinus
748 2556 835 2636 apud
849 2558 1044 2621 Priscianum
1056 2558 1170 2633 XIIII,
1184 2559 1223 2619 48
1236 2577 1268 2637 p.
1284 2558 1333 2633 51,
1350 2560 1384 2620 11
1400 2557 1443 2619 H.

506 2657 604 2732 Clam,
614 2667 651 2718 ut
664 2657 808 2734 diximus,
817 2656 903 2737 apud
914 2657 1049 2720 Graecos
1056 2657 1251 2733 adverbium,
1260 2658 1348 2737 apud
1355 2677 1413 2719 nos
1421 2667 1530 2719 autem
1538 2657 1609 2719 ideo
1616 2658 1810 2737 praepositio

506 2757 669 2837 accipitur,
690 2758 765 2837 quia
785 2767 817 2819 et
839 2757 1015 2820 casualibus
1034 2757 1238 2837 praeponitur
1257 2769 1291 2820 et
1311 2758 1400 2837 gravi
1420 2769 1553 2820 accentu
1572 2758 1810 2838 pronuntiatur,

508 2866 544 2919 ut
558 2857 724 2918 Terentius
738 2857 770 2919 in
783 2856 915 2919 Andria:

671 2957 738 3018 Nec
755 2957 836 3019 clam
852 2966 883 3018 te
899 2967 958 3032 est,
975 2975 1072 3035 quam
1088 2957 1132 3019 illi
1147 2976 1231 3019 nunc
1247 2967 1399 3037 utraeque
1416 2955 1496 3035 tres
1507 2957 1644 3020 inutiles.

508 3057 617 3120 Potest
628 3066 734 3119 tamen
745 3058 843 3119 etiam
854 3057 941 3137 apud
952 3076 1010 3118 nos
1021 3056 1207 3119 adverbium
1219 3057 1352 3134 ostendi,
1363 3076 1437 3119 cum
1447 3057 1544 3119 verbo
1554 3058 1714 3119 invenitur
1725 3057 1810 3136 iungi

508 3176 571 3218 non
584 3158 722 3220 serviens
735 3157 830 3232 casui,
846 3165 883 3219 ut
896 3157 1042 3236 Virgilius
1056 3157 1088 3218 in
1103 3158 1119 3217 I
1133 3156 1301 3218 Aeneidos:

748 3258 839 3322 elam
853 3256 935 3318 ferro
950 3257 1113 3319 incautum
1127 3267 1255 3336 superat
1270 3276 1396 3319 securus
1410 3274 1564 3319 amorum.

550 3357 739 3421 Censorinus
751 3357 838 3437 apud
852 3357 1045 3419 Priscianum
1057 3357 1171 3433 XIIII,
1185 3358 1225 3419 49
1237 3377 1276 3436 p„
1285 3358 1334 3433 52,
1351 3358 1388 3418 19
1401 3357 1443 3418 H.

510 3457 585 3520 Sine
603 3467 712 3519 autem
731 3458 828 3519 etiam
848 3455 979 3519 verbum
997 3467 1047 3518 est
1066 3457 1299 3536 imperativum,
1320 3456 1375 3519 sed
1393 3464 1527 3519 accentu
1546 3456 1663 3533 differt,
1684 3456 1813 3536 quando

510 3557 724 3637 praeponitur,
741 3557 898 3635 quomodo
913 3566 1002 3636 pone:
1017 3557 1197 3637 praeposita
1211 3557 1461 3635 enimgravatur
1476 3566 1610 3636 utraque
1626 3555 1759 3636 syllaba,
1776 3565 1811 3617 ut

512 3659 578 3719 aaa
592 3657 706 3733 tinore,
720 3657 897 3736 postposita
911 3656 1139 3735 paenultimam
1153 3657 1249 3733 acuit,
1266 3667 1302 3719 ut
1317 3657 1463 3736 Virgilius
1477 3655 1511 3717 in
1525 3658 1573 3719 X:

785 3755 818 3818 Si
828 3756 894 3818 siue
903 3775 981 3835 pace
993 3765 1049 3819 tua
1060 3766 1158 3836 atque
1168 3755 1269 3820 invito
1280 3756 1409 3820 numine
1419 3755 1542 3819 Teucri.

513 3856 602 3919 Idem
616 3855 650 3919 in
663 3855 715 3916 III
728 3854 904 3935 georgicon:

888 3957 935 4018 Te
947 3956 1014 4018 sine
1024 3954 1070 4018 nil
1082 3954 1183 4018 altum
1195 3975 1284 4018 mens
1296 3954 1434 4019 incohat.

552 4057 581 4117 A
593 4075 677 4118 mere
689 4054 818 4135 reading
830 4055 862 4118 ol
875 4055 963 4118 these
974 4074 1122 4135 passages
1134 4054 1266 4133 justifies
1279 4055 1333 4118 the
1345 4054 1526 4119 conclusion
1538 4055 1612 4117 that
1625 4055 1817 4118 Censorinus

514 4156 541 4218 is
555 4153 672 4235 largely
686 4154 869 4218 dominated
884 4155 928 4235 by
943 4154 1045 4217 Greek
1058 4154 1211 4219 influence
1226 4154 1260 4219 in
1274 4155 1323 4218 his
1337 4164 1511 4218 statement
1526 4155 1558 4218 of
1572 4153 1670 4218 Latin
1686 4153 1769 4218 rules
1783 4153 1817 4217 oi

514 4254 743 4319 accentuation.
786 4253 835 4317 Ci.
866 4252 1045 4330 Palaemon,
1074 4257 1203 4335 possim·
1230 4255 1359 4334 Probus,
1384 4255 1464 4317 Iust.
1489 4256 1527 4316 Α.
1550 4275 1583 4336 p.
1611 4256 1678 4334 149,
1704 4253 1741 4318 27
1773 4255 1818 4329 K;
1943 4270 1944 4281 ¹

516 4354 608 4433 Quin.
621 4355 699 4417 Inst.
712 4355 765 4417 Or.
778 4355 805 4430 I,
817 4356 846 4431 5,
859 4355 968 4431 25-29;
1008 4353 1114 4417 Velius
1124 4355 1259 4435 Longus.
1301 4357 1358 4419 See
1368 4355 1435 4418 also
1445 4354 1483 4432 Q.
1495 4353 1664 4418 Terentius
1682 4355 1818 4418 Scaurus

515 4455 548 4518 in
574 4454 770 4529 PriscianX,
785 4453 868 4534 57p
883 4453 951 4531 547,
967 4454 1040 4516 2H.

557 4554 680 4617 Marius
692 4553 814 4617 Plotius
828 4551 885 4627 [M
901 4551 1062 4630 Claudius]
1077 4554 1269 4634 Sacerdosp.
1282 4555 1340 4617 451
1355 4555 1396 4616 K.

463 4582 735 4746 u:Barbarismus
747 4662 795 4716 est
807 4653 922 4716 vitiosa
934 4653 1031 4716 dictio
1049 4653 1142 4716 unius
1160 4653 1259 4730 verbi,
1278 4674 1333 4732 qu1
1324 4653 1388 4716 fit
1405 4653 1507 4716 modis
1525 4662 1612 4716 octo·
1605 4701 1818 4715 .....

468 4716 573 4835 otper
587 4762 762 4831 accentum,
778 4773 816 4816 ac
831 4773 858 4814 si
849 4753 960 4816 dicas
975 4754 1031 4815 ista
1046 4762 1079 4815 et
1094 4761 1121 4814 te
1135 4773 1240 4830 acuas,
1256 4774 1328 4817 curn
1345 4754 1373 4815 is
1387 4753 1514 4817 debeas·
1508 4801 1719 4816 .....
1762 4774 1818 4834 per

518 4854 770 4917 immutationem
785 4862 981 4929 accentuum,
992 4873 1030 4917 ac
1046 4873 1073 4914 sr
1064 4853 1169 4916 dicas
1177 4855 1265 4917 Corls
1280 4874 1312 4915 ce
1326 4853 1429 4933 longa,
1440 4873 1513 4916 cum
1528 4852 1633 4915 brevis
1649 4852 1704 4931 sit,
1722 4862 1757 4917 et
1771 4875 1820 4917 res

519 4953 616 5029 brevi,
631 4962 701 5016 cum
715 4953 758 5015 sit
771 4952 872 5031 longa.
