3942 6130
269 2030 461 2085 Vltimi

517 817 555 878 18
976 815 1084 894 μω
1102 815 1135 878 S.
1157 815 1357 879 McInirorn

515 1034 578 1077 vox
590 1013 764 1091 scribenda,
778 1033 843 1094 quo
856 1012 951 1075 modo
964 1023 998 1076 et
1012 1025 1114 1076 sonat.
1155 1014 1259 1077 Nemo
1272 1025 1381 1077 autem
1395 1033 1548 1094 umquam
1562 1024 1631 1077 tam
1639 1014 1755 1077 usaue
1765 1033 1826 1094 per

516 1136 538 1178 u
549 1115 674 1178 aulus
684 1114 807 1177 dixerit.

555 1214 595 1293 Q.
608 1215 775 1277 Terentius
789 1215 925 1278 Scaurus
937 1213 975 1275 de
990 1213 1082 1276 Orth.
1094 1233 1127 1293 p.
1143 1215 1191 1291 ³³,
1205 1214 1281 1276 4K.

516 1315 550 1378 Si
560 1324 672 1378 autem
684 1333 757 1377 cum
768 1313 880 1377 eadem
891 1314 906 1375 i
918 1313 1033 1390 littera,
1046 1314 1133 1377 aliud
1145 1313 1250 1392 breve,
1263 1315 1351 1379 aliud
1363 1315 1492 1395 longum
1503 1325 1564 1392 est,
1577 1325 1615 1378 ut
1626 1314 1684 1377 alla
1692 1324 1730 1377 et
1741 1314 1821 1393 pala.

515 1415 629 1495 Apioes
642 1413 687 1478 ibi
700 1415 777 1494 poni
791 1413 918 1490 debent,
935 1412 989 1476 ubi
1002 1413 1103 1477 isdem
1118 1414 1231 1478 litteris
1243 1415 1307 1479 alia
1321 1424 1418 1495 atque
1432 1415 1496 1479 alia
1510 1434 1560 1477 res
1574 1415 1768 1494 des'gnatur,
1784 1424 1822 1476 ut

515 1514 737 1590 metuenil,
749 1520 855 1577 arctet
867 1514 1022 1592 arel,llgil
1031 1524 1066 1576 et
1076 1514 1156 1592 legit,
1168 1524 1333 1595 oemnqoe
1346 1515 1395 1578 his
1411 1516 1534 1579 similia
1576 1515 1702 1594 Superi
1713 1524 1822 1577 tam

515 1616 656 1678 litteram
676 1633 758 1694 apex
779 1633 843 1677 non
863 1615 1006 1693 ponitur:
1028 1614 1140 1677 melius
1159 1617 1245 1679 enim
1268 1611 1293 1690 [i
1313 1609 1390 1694 pila]
1411 1617 1446 1679 in
1467 1616 1596 1695 longum
1617 1614 1821 1695 produoetur.

517 1715 648 1779 Ceterae
676 1714 810 1791 vocales,
836 1732 918 1793 quae
943 1713 1056 1776 eodem
1081 1714 1190 1777 ordine
1215 1717 1338 1795 positae
1364 1716 1489 1778 diversa
1515 1715 1704 1795 affluant,
1729 1716 1820 1794 apiae

515 1815 762 1894 distinguuntur,
771 1833 811 1876 ne
820 1814 925 1894 legens
933 1812 1131 1877 dubitatione
1141 1814 1342 1894 impediatur,
1351 1815 1411 1877 hoc
1425 1826 1524 1879 estne
1533 1835 1597 1878 uno
1606 1815 1821 1878 sonoaaedem

514 1915 770 1996 pronuntientur.

557 2016 663 2080 Velius
675 2015 803 2094 iringus
814 2014 855 2076 de
868 2013 960 2076 Orth.
973 2033 1007 2094 p.
1022 2014 1071 2091 52,
1086 2015 1123 2076 25
1136 2015 1179 2076 K.

268 2112 491 2161 nuum.
516 2115 603 2178 Nam
618 2115 720 2177 multa
735 2115 864 2177 nomina
880 2123 913 2175 et
929 2123 1073 2193 oorrepta
1089 2114 1211 2194 syllaba
1226 2115 1314 2177 aliud
1328 2115 1507 2195 signidem
1522 2125 1556 2178 et
1571 2114 1739 2195 pmdllctss,
1755 2132 1820 2194 (1⁰⁰

516 2215 611 2278 modo
626 2215 788 2291 alludent,
805 2215 832 2277 si
847 2212 1004 2293 producas
1020 2214 1087 2293 plla
1102 2224 1136 2277 et
1153 2217 1179 2278 si
1196 2216 1345 2295 corripias
1360 2216 1441 2295 pun
1456 2225 1491 2277 et
1507 2214 1576 2276 loco
1590 2234 1701 2286 rursus
1717 2225 1822 2277 trans·

517 2324 661 2378 mutatus
676 2324 826 2376 accentus
842 2322 950 2393 partes
967 2332 1093 2393 quoque
1116 2315 1267 2377 orationis
1290 2317 1451 2393 im'mutat,
1470 2325 1508 2377 ut
1524 2314 1613 2378 aliud
1628 2324 1678 2377 est
1694 2320 1820 2390 mam,

516 2415 603 2479 aliud
616 2415 740 2490 circum,
754 2412 842 2477 aliud
855 2419 933 2492 lugo,
946 2413 1034 2476 aliud
1048 2417 1124 2493 ergo.

555 2515 599 2577 N.
613 2515 651 2577 Α.
666 2514 747 2591 1111,
763 2512 806 2575 t:
819 2532 870 2575 see
883 2511 1014 2576 Probus.

557 2614 600 2677 N.
614 2615 653 2676 Α.
667 2615 714 2677 VI
731 2610 821 2688 (VII)
839 2614 867 2688 2,
881 2613 971 2674 4-11.

444 2743 451 2774 2
517 2713 620 2778 Verba
637 2713 770 2777 Caeselli
786 2710 928 2774 subiecta
945 2696 1034 2775 sunt:
1074 2712 1251 2776 Marcellino
1267 2734 1380 2794 genere,
1398 2722 1432 2777 ul
1448 2715 1545 2777 nialla
1560 2714 1636 2791 alia,
1654 2713 1824 2776 enuntiarit

516 2814 651 2877 annu.
692 2814 776 2876 Nam
794 2812 830 2874 in
848 2813 941 2875 ΧΙΙΙ
960 2813 1069 2875 annali
1087 2813 1184 2894 ‘quem
1201 2814 1260 2876 car'
1280 2815 1367 2877 duit.
1408 2815 1562 2895 Ascripsit
1580 2813 1693 2877 deinde
1712 2832 1824 2876 versus

517 2915 613 2977 Em
627 2913 705 2976 duo·
755 3011 915 3074 Hannibal
929 3010 1040 3074 audaci
1051 3011 1125 3074 dunt
1138 3021 1252 3092 putore
1263 3013 1300 3076 de
1314 3008 1381 3089 [nael
1394 3016 1538 3093 tormer,

756 3113 789 3174 N
790 3131 806 3172 e
819 3111 926 3173 bellum
934 3111 1062 3191 jaciam,
1076 3132 1162 3193 quesn
1174 3114 1300 3177 credidit
1313 3134 1376 3177 esse
1387 3134 1487 3177 meum
1500 3118 1566 3177 carl

517 3265 526 3281 ·
569 3296 576 3311 .
619 3294 627 3311 .
670 3294 678 3310 .
719 3245 787 3307 Hos
809 3252 919 3306 autem
940 3263 1049 3306 veram
1071 3244 1240 3310 Caesellius
1262 3247 1307 3309 sic
1329 3249 1454 3328 accipit,
1473 3256 1639 3327 tamquam
1660 3246 1688 3308 si
1710 3246 1824 3308 Antio-

517 3348 594 3410 chus
609 3347 654 3409 sic
668 3346 768 3409 dicat:
808 3343 968 3406 Hannibal
982 3364 1039 3421 me,
1055 3364 1094 3407 ne
1109 3345 1217 3408 belluni
1232 3366 1341 3425 geram,
1358 3348 1540 3423 dalaimam
1556 3347 1718 3428 quodcum
1729 3346 1822 3426 smil,

517 3447 635 3529 ecquale
646 3453 734 3525 putat
742 3465 793 3507 aar
802 3443 907 3505 babere
916 3462 964 3505 me
973 3452 1000 3506 el
1009 3464 1100 3524 quam
1111 3446 1234 3508 stultum
1245 3465 1307 3508 esse
1316 3467 1364 3509 me
1373 3448 1474 3524 crau,
1485 3468 1554 3510 cum
1565 3448 1599 3509 id
1609 3445 1687 3509 milri
1697 3457 1823 3525 persua·

518 3548 585 3610 dere
597 3547 675 3609 null

558 3647 629 3708 Hoc
643 3644 814 3708 Caesellius
828 3641 966 3720 quidem,
981 3615 1036 3706 sed
1051 3644 1138 3706 aliud
1151 3646 1242 3725 longe
1258 3647 1388 3709 Ennius.
1430 3647 1516 3709 Nam
1531 3657 1595 3710 tres
1611 3665 1719 3708 versus
1733 3655 1820 3720 sunt,

518 3766 582 3810 non
595 3746 668 3823 duo,
681 3743 723 3807 ad
736 3743 835 3805 hance
849 3742 943 3804 Ennii
955 3745 1145 3807 sententiam
1156 3747 1360 3825 pertinentes,
1373 3767 1411 3810 ex
1424 3746 1539 3827 quibus
1551 3747 1682 3810 tertium
1695 3763 1821 3808 versum

519 3846 690 3910 Caesellius
703 3862 767 3906 non
781 3843 929 3922 respexit:

756 3975 917 4038 Hannibal
930 3976 1041 4038 audaci
1053 3977 1126 4040 dum
1140 3979 1302 4057 palaredo
1314 4000 1362 4042 me
1375 3980 1517 4058 hortuna,

757 4077 790 4138 N
791 4095 806 4137 a
819 4075 928 4138 bellum
935 4076 1063 4155 sulam,
1077 4098 1163 4159 φιιηι
1175 4079 1301 4142 credidit
1314 4098 1376 4142 esse
1388 4099 1488 4141 meum
1501 4100 1551 4144 cor

756 4178 918 4239 Suasorem
933 4193 1084 4239 summum
1098 4187 1125 4241 el
1137 4179 1305 4241 studiosum
1318 4180 1419 4242 robore
1432 4179 1510 4242 belli.

519 4312 643 4376 Horum
658 4327 805 4374 vemuum
820 4327 929 4370 sensus
943 4318 1040 4389 atque
1056 4311 1132 4374 ordo
1147 4312 1201 4388 sic,
1217 4313 1337 4392 opinor,
1352 4322 1415 4375 est:
1455 4313 1615 4375 Hannibal
1635 4313 1687 4375 ille
1710 4311 1824 4374 nudus·

519 4413 656 4474 tissimus
669 4420 755 4493 atque
762 4407 963 4489 soubumus,
976 4430 1062 4491 φιιηι
1076 4430 1126 4490 ego
1138 4412 1352 4474 erutae-hoc
1363 4422 1413 4475 est
1426 4414 1511 4475 enim
1523 4412 1822 4485 cormeumcredidil,

518 4512 649 4593 proinde
660 4522 758 4591 atque
771 4509 888 4570 diceret
898 4527 986 4587 quern
998 4529 1048 4588 ego
1060 4512 1168 4574 stultus
1179 4512 1265 4575 lom
1276 4513 1582 4575 credidi—summum
1588 4513 1656 4593 sore
1670 4530 1823 4574 suasorem

519 4613 560 4675 ad
576 4611 756 4689 bellandum,
775 4611 804 4671 is
821 4627 868 4668 me
885 4606 1054 4672 dewlatur
1070 4611 1288 4692 dissuadetque,
1307 4632 1345 4674 ue
1362 4613 1470 4675 Mum
1482 4613 1609 4693 jaciam.
1653 4612 1824 4675 Caesellius

518 4723 627 4776 autem
650 4711 731 4774 forte
748 4711 944 4788 ῥαθυμότερον
960 4711 1104 4772 iunctura
1128 4711 1189 4773 ista
1206 4712 1373 4774 verborum
1389 4723 1502 4792 captus
1518 4733 1604 4793 quen
1627 4733 1677 4775 cor
1701 4712 1825 4775 dictum

517 4814 648 4893 putavit
660 4822 693 4874 et
706 4818 792 4892 quln
805 4823 938 4875 accentu
950 4819 1046 4872 acuto
1059 4810 1143 4890 legit,
1157 4812 1247 4890 quasi
1259 4811 1302 4873 ad
1314 4832 1364 4875 cor
1375 4812 1551 4890 referretur,
1567 4832 1631 4875 non
1644 4812 1687 4874 ad
1702 4812 1826 4874 Hanni·

519 4911 633 4976 halem.
