3942 6130
497 804 535 864 62
956 804 1063 882 Jauas
1084 804 1115 866 S.
1137 804 1334 866 McLuuosa

498 1002 627 1065 habebit
637 1002 725 1077 arsis,
735 1003 798 1064 duo
810 1003 915 1065 thesis.
957 1002 1078 1064 Idcirco
1088 1003 1169 1064 duae
1178 1002 1249 1065 illae
1258 1002 1370 1082 longae
1378 1004 1487 1066 autad
1497 1004 1583 1067 arsin
1591 1004 1806 1084 adplicandae

498 1113 573 1164 sunt
592 1113 649 1164 aut
670 1102 712 1165 ad
734 1102 847 1165 thesin.
889 1103 971 1165 Item
992 1102 1182 1177 tribrachus;
1204 1104 1285 1165 duae
1305 1114 1398 1166 errmt
1419 1104 1452 1165 in
1471 1104 1546 1179 arsi,
1566 1122 1630 1167 una
1651 1105 1684 1166 in
1706 1103 1804 1166 thesi.

498 1204 590 1280 Quod
614 1201 678 1264 dixi
704 1204 770 1264 ‘aut
793 1203 876 1265 duae
900 1211 958 1265 aut
981 1202 1084 1278 duae,'
1108 1212 1237 1284 propter
1260 1201 1329 1265 illos
1352 1213 1511 1266 accentus.
1553 1205 1638 1266 Nam
1661 1204 1806 1266 diximus

498 1302 649 1385 superius,
675 1302 802 1382 quando
826 1303 860 1364 in
884 1301 988 1364 media
1012 1302 1132 1383 syllaba
1157 1312 1307 1365 accentus
1330 1302 1437 1378 fuerit,
1463 1303 1562 1366 thesis
1586 1304 1682 1367 habet
1706 1302 1804 1384 plura

500 1412 655 1483 tempora;
685 1403 812 1482 quando
842 1401 877 1463 in
905 1402 1019 1482 prima,
1044 1403 1123 1466 arsis
1152 1403 1249 1466 habet
1279 1402 1370 1484 plura
1402 1414 1554 1483 tempora.

500 1499 544 1582 (p.
571 1504 638 1577 125,
660 1504 681 1563 4
704 1500 761 1579 Κ).
802 1501 1054 1581 Ampbibracbus
1075 1523 1139 1566 non
1161 1511 1268 1583 potest
1291 1521 1416 1565 servare
1438 1503 1635 1566 divisionem.
1676 1504 1804 1581 Quare?

498 1601 573 1682 quia
583 1602 680 1665 habet
691 1601 818 1664 brevem
829 1613 862 1663 et
872 1601 999 1682 longam
1010 1612 1044 1664 et
1054 1603 1192 1666 brevem.
1233 1604 1333 1664 Istam
1345 1601 1470 1681 longam
1483 1623 1545 1683 quo
1557 1603 1654 1666 habes
1664 1604 1803 1666 addere?

497 1702 547 1764 Ad
559 1701 703 1764 initium?
744 1701 777 1764 Si
789 1701 831 1764 ad
843 1701 1050 1778 initium‚tria
1062 1712 1095 1765 et
1108 1723 1206 1764 unum
1219 1701 1382 1777 erit,nulla
1395 1703 1509 1765 divisio
1522 1713 1582 1779 est;
1596 1703 1623 1766 si
1636 1703 1678 1765 ad
1690 1703 1802 1775 finem,

498 1822 595 1864 unum
607 1812 640 1864 et
653 1801 713 1863 tria
724 1810 827 1864 erunt.
869 1801 949 1864 Ecce
962 1822 1025 1864 non
1036 1802 1133 1865 habet
1144 1802 1340 1865 divisionem.

538 1901 706 1982 Pompeius
718 1922 750 1983 p.
768 1902 835 1977 125,
849 1902 886 1963 35
902 1903 944 1963 Κ.

498 2001 608 2065 Graeci
619 2001 782 2081 prosodias
793 2000 903 2063 dicunt
913 2013 1062 2064 accentus
1072 2002 1132 2064 hac
1142 2002 1277 2064 ratione:
1289 2011 1359 2080 pros
1370 2000 1480 2064 dicunt
1491 2002 1541 2077 ud,
1552 2010 1674 2065 cantum
1685 2002 1801 2064 dicunt

496 2101 580 2163 oden.
622 2101 759 2164 Verbum
772 2101 812 2163 de
821 2101 917 2163 verbo
929 2101 1037 2163 Latini
1048 2111 1318 2183 expresserunt‚ut
1331 2100 1471 2164 dicerent
1481 2102 1638 2180 prosodias
1648 2109 1800 2164 cccmus.

498 2201 558 2263 Sed
581 2200 688 2264 Latini
710 2201 830 2264 habent
853 2211 885 2263 et
908 2200 970 2263 alia
993 2201 1133 2264 nomina:
1156 2212 1189 2264 et
1212 2209 1316 2264 tonum
1338 2212 1371 2264 et
1394 2210 1523 2264 morem
1545 2202 1665 2265 dicunt.
1708 2201 1800 2264 Nihil

497 2300 639 2377 interest,
661 2300 727 2363 sive
748 2310 914 2363 accentum
935 2300 1076 2363 dicamus
1097 2301 1163 2364 sive
1185 2312 1296 2364 tonum
1318 2300 1385 2363 sive
1407 2311 1560 2378 tenorem3
1582 2302 1692 2364 eadem
1716 2302 1802 2363 ratio

496 2411 555 2477 est,
574 2399 702 2463 nomina
719 2412 794 2463 sunt
811 2411 938 2464 tantum
955 2401 1050 2463 modo
1066 2400 1238 2464 dissimilia.
1278 2404 1436 2464 Accentus
1453 2401 1508 2481 qui
1524 2401 1691 2465 necessarii
1706 2401 1802 2463 nobis

496 2511 572 2564 sunt
584 2502 647 2564 duo
659 2511 734 2564 sunt
746 2500 873 2564 tanbnn
884 2501 979 2563 modo
989 2501 1076 2581 apud
1087 2501 1229 2577 Latinos,
1240 2512 1354 2565 acutus
1365 2511 1398 2564 et
1409 2501 1634 2568 circumflexus.
1674 2502 1803 2564 Acutus

497 2601 612 2664 dicitur
631 2611 789 2677 accentus,
811 2601 955 2680 quotiens
975 2601 1089 2663 cursim
1110 2600 1263 2681 syllabam
1283 2601 1479 2680 proferimus,
1499 2611 1538 2664 ut
1558 2602 1584 2663 si
1603 2601 1690 2664 dicas
1710 2608 1800 2663 drma

499 2708 599 2762 arcus:
612 2720 676 2763 non
693 2721 858 2780 possumus
870 2700 972 2763 dicere
991 2703 1086 2777 mm,
1106 2721 1170 2764 non
1188 2721 1355 2781 possumus
1373 2701 1476 2763 dicere
1494 2705 1582 2764 dnus
1585 2749 1798 2762 .....

500 2801 723 2862 Circumflexus
735 2800 860 2876 dicitur,
874 2800 1001 2880 quando
1015 2801 1141 2864 tractim
1161 2800 1314 2880 syllabam
1326 2801 1523 2881 proferimus,
1536 2812 1574 2863 ut
1592 2804 1669 2864 mlta
1686 2803 1725 2862 M
1726 2805 1801 2862 alsa:

499 2921 562 2962 non
586 2919 751 2980 possumus
768 2900 869 2964 dicere
893 2907 980 2976 mdc,
997 2920 1062 2963 non
1103 2944 1160 2962 „.
1204 2949 1209 2962 .
1255 2948 1261 2961 .
1302 2903 1399 2965 Maso
1401 2948 1609 2963 .....

539 3001 597 3062 Est
621 3000 718 3063 etiam
744 3000 859 3081 gravis,
884 3001 939 3062 sed
964 3001 1023 3063 iste
1047 3020 1147 3080 paene
1172 3001 1346 3080 superfluus
1370 3012 1419 3062 est
1443 3000 1530 3080 apud
1543 2999 1683 3063 Latinos.
1724 3003 1800 3080 Qua

499 3100 638 3163 ratione?
679 3100 747 3162 Nec
768 3111 881 3164 acutus
897 3120 955 3163 nec
971 3100 1183 3163 circumflexus
1202 3112 1258 3163 est.
1299 3101 1410 3165 Omnis
1427 3121 1527 3164 sermo
1550 3120 1673 3164 necesse
1693 3110 1799 3163 estut

499 3212 556 3263 aut
572 3209 702 3262 acutum
725 3200 842 3262 habeat
865 3210 923 3261 aut
945 3199 1188 3262 circumflexum:
1218 3199 1321 3262 nullus
1343 3212 1392 3262 est
1415 3220 1527 3275 sermo,
1551 3201 1605 3280 qui
1632 3201 1700 3262 sine
1727 3201 1799 3261 istis

499 3300 554 3361 sit:
571 3299 597 3361 si
614 3319 677 3363 non
693 3299 790 3362 habet
806 3308 946 3375 acutum,
959 3299 1190 3363 circumflexum
1204 3300 1311 3374 habet;
1329 3300 1431 3363 sinon
1443 3300 1540 3363 habet
1553 3300 1797 3377 circumflexum,

498 3410 628 3461 acutum
656 3399 763 3462 habet.
805 3400 848 3461 Et
875 3400 980 3479 gravis
1010 3399 1065 3462 ubi
1093 3399 1163 3475 erit,
1188 3400 1215 3461 si
1243 3400 1294 3462 vel
1317 3398 1367 3462 ille
1391 3401 1443 3463 vel
1465 3400 1516 3462 ille
1535 3399 1596 3461 sibi
1618 3420 1797 3462 sermonem

499 3498 657 3562 vindicat?
698 3500 736 3560 In
766 3498 901 3578 reliquis,
929 3498 983 3561 ubi
1018 3519 1082 3561 non
1108 3509 1157 3561 est
1185 3520 1242 3562 nec
1272 3509 1385 3563 acutus
1418 3520 1475 3561 nec
1505 3499 1730 3574 circumflexus,
1762 3499 1798 3561 in

499 3598 625 3678 reliquis
649 3598 776 3678 syllabis
799 3598 897 3678 ipsius
922 3599 1082 3661 sermonis.
1124 3600 1169 3661 Ut
1192 3610 1271 3678 puta
1293 3599 1478 3672 malesanus
1503 3619 1538 3660 sa
1563 3599 1797 3661 circumflexum

499 3698 606 3766 habet,
625 3718 676 3760 ma
701 3699 728 3760 le
754 3718 813 3760 nus
842 3698 922 3761 istae
947 3707 1011 3760 tres
1030 3698 1169 3778 syllabae
1194 3719 1321 3780 gravem
1347 3699 1466 3761 habent
1491 3710 1667 3762 accentum.
1710 3701 1797 3761 Nam

499 3798 569 3860 ideo
589 3798 692 3860 dictus
717 3807 765 3860 est
789 3798 894 3877 gravis
918 3798 978 3861 hac
1003 3798 1134 3875 ratione,
1154 3799 1239 3878 quod
1264 3799 1368 3860 minus
1395 3810 1496 3876 sonet,
1515 3818 1610 3879 quam
1634 3811 1727 3861 sonat
1746 3798 1798 3860 ille

499 3897 667 3977 legitimus.
708 3899 747 3959 M
748 3918 767 3959 a
783 3898 811 3959 lc
827 3918 896 3972 nus,
914 3898 1068 3978 numquid
1091 3899 1136 3960 sic
1159 3910 1273 3962 sonant
1296 3918 1405 3961 omnes
1424 3899 1504 3961 istae
1530 3897 1680 3976 syllabae.
1701 3919 1795 3978 quem

499 3998 541 4060 ad
569 3998 698 4060 modum
725 4007 819 4060 sonat
844 3998 897 4059 sd?
936 3999 980 4060 Sa
1005 3997 1077 4077 plus
1102 4008 1205 4061 sonat.
1247 3999 1323 4060 Ideo
1349 3998 1453 4061 dictae
1479 4007 1554 4060 sunt
1580 3997 1650 4060 illae
1679 3998 1796 4061 habere

498 4116 626 4177 gravem
649 4107 824 4172 accentum,
849 4098 934 4177 quod
957 4107 990 4160 et
1012 4098 1137 4178 pigrum
1154 4107 1187 4160 et
1210 4098 1314 4160 minus
1337 4107 1460 4160 sonent.
1501 4099 1585 4178 Ergo
1602 4097 1681 4160 scire
1700 4098 1795 4160 debes

500 4196 574 4277 quia
599 4195 684 4259 nullo
709 4196 777 4259 loco
807 4197 913 4277 gravis
937 4198 1014 4276 poni
1043 4207 1160 4278 potest,
1187 4207 1342 4276 quantum
1371 4198 1413 4259 ad
1442 4197 1614 4260 utilitatem
1643 4199 1794 4278 pertinet,

499 4296 559 4359 nisi
586 4296 641 4358 ubi
668 4316 733 4359 non
759 4296 854 4359 fuerit
881 4306 993 4359 acutus
1019 4306 1077 4359 aut
1103 4297 1330 4373 circumflexum
1360 4298 1395 4359 in
1425 4299 1534 4361 eadem
1567 4306 1674 4360 tamen
1704 4307 1795 4377 parte

498 4395 659 4471 orationis,
677 4417 741 4459 non
759 4396 817 4458 sibi
835 4395 1001 4477 specialem
1018 4397 1160 4459 vindicat
1175 4407 1310 4476 partem,
1329 4393 1393 4461 r'ron
1409 4397 1507 4459 habet
1523 4396 1693 4477 propriam.
1735 4396 1795 4459 Sed

500 4496 559 4557 hoc
572 4496 657 4575 apud
670 4496 801 4558 Latinos
814 4507 950 4558 tantum.

540 4595 707 4674 Pompeius
718 4615 751 4675 p.
769 4597 834 4671 126,
850 4595 886 4658 27
902 4599 942 4657 Κ.

501 4696 543 4756 Et
563 4694 640 4774 quid
659 4706 707 4757 est
726 4696 792 4775 ipse
810 4698 975 4759 accentus?
1015 4697 1068 4758 Ita
1087 4696 1234 4759 definitus
1254 4707 1311 4772 est,
1334 4696 1491 4759 ‘accentus
1510 4705 1558 4758 est
1578 4695 1669 4775 quasi
1687 4696 1792 4757 anima

500 4795 606 4873 vocis‚'
617 4795 650 4856 id
661 4805 709 4857 est
720 4807 867 4859 accentus
883 4805 932 4858 est
948 4795 1055 4857 anima
1065 4796 1231 4858 verborum
1249 4805 1282 4858 et
1298 4795 1405 4858 anima
1421 4796 1508 4858 vocis
1524 4796 1617 4858 unius
1634 4795 1790 4874 cuiusque.

499 4896 599 4973 Quem
612 4895 653 4957 ad
666 4895 794 4956 modum
807 4915 919 4975 corpus
932 4904 1074 4958 nostrum
1087 4915 1152 4957 non
1163 4906 1269 4974 potest
1281 4915 1347 4957 esse
1360 4896 1427 4957 sine
1438 4895 1555 4972 anima,
1569 4895 1614 4958 sic
1625 4915 1683 4957 nec
1695 4894 1791 4957 ullum
