3996 6146
513 781 550 841 16
971 781 1079 859 Jarrns
1100 780 1131 844 S.
1153 781 1352 843 McLarronr.

510 978 668 1058 ftyranno’
680 988 809 1042 acutam
820 977 976 1059 syllabam
987 980 1123 1041 mediam
1135 978 1300 1056 dederunt,
1312 981 1388 1059 quia
1399 977 1533 1055 [duabus
1545 980 1646 1060 longis
1656 981 1814 1060 sequentis

511 1074 581 1155 bus}
603 1079 740 1160 primam
763 1078 892 1141 brevem
914 1080 986 1141 acui
1009 1089 1116 1142 noster
1140 1098 1241 1141 sermo
1265 1098 1329 1141 non
1352 1081 1475 1159 patitur
1477 1128 1687 1144 .....
1729 1078 1813 1143 Mihi

509 1188 619 1242 autem
638 1178 744 1260 placet
765 1180 920 1241 rationem
940 1180 1089 1242 Latinam
1110 1181 1209 1260 sequi,
1231 1199 1393 1260 quousque
1414 1181 1537 1261 patitur
1558 1180 1661 1242 decor.
1701 1180 1814 1260 Neque

509 1280 594 1342 enim
606 1280 671 1343 iam
683 1279 916 1360 ‘Calypsonem'
928 1278 1059 1342 dixerim
1072 1287 1108 1342 ut
1122 1279 1307 1356 ‘Iunonem',
1321 1298 1514 1359 quamquam
1527 1290 1653 1343 secutus
1664 1280 1813 1360 antiquos

511 1380 548 1444 C.
573 1379 689 1443 Caesar
713 1381 813 1443 utitur
835 1379 895 1444 hae
917 1380 1038 1442 ratione
1062 1380 1248 1442 declinandi.
1290 1380 1351 1444 Sed
1373 1382 1597 1444 auctoritatem
1619 1379 1814 1444 consuetudo

510 1479 682 1559 superavit.
723 1480 762 1542 In
777 1480 889 1542 ceteris
903 1499 986 1558 quae
999 1489 1151 1560 poterunt
1167 1490 1300 1560 utroque
1317 1481 1412 1543 modo
1426 1499 1491 1542 non
1505 1480 1685 1544 indecenter
1699 1480 1813 1557 efferri,

509 1581 565 1659 qui
587 1579 741 1643 Graecam
761 1580 893 1660 figuram
914 1581 1002 1659 sequi
1023 1580 1130 1657 malet,
1151 1599 1213 1643 non
1235 1581 1348 1643 Latine
1370 1580 1508 1660 quidem,
1529 1581 1584 1643 sed
1605 1590 1713 1643 tamen
1734 1581 1813 1643 citra

509 1679 780 1760 reprehensionem
808 1680 964 1759 loquetur.

549 1779 725 1860 According
739 1790 773 1843 to
787 1780 841 1842 the
855 1780 992 1860 tripudic
1007 1780 1128 1860 theory,
1144 1779 1196 1842 the
1210 1790 1321 1842 acoent
1335 1780 1367 1842 of
1382 1780 1540 1860 ‘Olympo'
1554 1779 1657 1842 would
1671 1779 1710 1842 be
1724 1779 1813 1842 thus:

510 2081 586 2144 ‘Our
600 2081 763 2162 language’
778 2082 847 2145 does
860 2082 952 2145 allow
967 2081 1021 2143 the
1035 2081 1103 2159 first
1118 2080 1248 2161 syllable
1264 2091 1298 2144 to
1313 2082 1433 2144 receive
1447 2099 1489 2143 an
1503 2091 1596 2143 acute
1611 2090 1716 2159 stress,
1731 2100 1811 2143 even

509 2181 599 2243 when
615 2182 642 2244 it
657 2183 684 2244 is
698 2181 787 2244 short
801 2182 866 2246 and
880 2181 1025 2245 followed
1040 2180 1084 2261 by
1100 2192 1163 2246 two
1178 2181 1277 2261 longs,
1292 2180 1351 2258 lor,
1367 2200 1404 2244 as
1419 2201 1464 2244 we
1487 2181 1568 2244 have
1583 2181 1713 2260 already
1728 2200 1811 2259 seen,

510 2280 564 2344 the
578 2281 680 2344 initial
693 2292 804 2344 accent
818 2280 953 2359 obtains,
968 2291 1026 2344 not
1040 2281 1115 2361 only
1129 2283 1161 2344 in
1177 2281 1230 2344 the
1244 2282 1441 2362 pre-historic
1454 2282 1574 2361 period,
1589 2280 1648 2344 but
1664 2281 1813 2361 through·

511 2391 568 2444 out
591 2380 646 2444 the
667 2381 830 2461 language.
941 2404 943 2408 ⁴

550 2481 764 2559 Quintilianus
777 2483 857 2544 Inst.
871 2481 925 2544 Or.
940 2483 967 2558 Ι,
981 2483 1012 2558 6,
1027 2481 1044 2543 7
1050 2504 1058 2558 ;
1072 2483 1100 2545 8.

510 2581 630 2645 Eadem
646 2583 679 2645 in
696 2580 800 2645 verbis
815 2600 940 2662 quoque
957 2583 1038 2645 ratio
1055 2582 1306 2661 comparationis,
1324 2592 1360 2643 ut
1383 2582 1409 2644 si
1433 2582 1504 2661 quis
1523 2583 1672 2661 antiquos
1687 2589 1814 2644 secutus

383 2740 386 2747 .
511 2680 650 2744 ‘fervere'
660 2681 749 2744 brevi
760 2681 863 2744 media
870 2681 994 2761 syllaba
1005 2682 1101 2759 dicat,
1112 2681 1364 2762 deprehendatur
1381 2682 1492 2744 vitiose
1503 2682 1598 2760 loqui,
1610 2680 1696 2760 quod
1706 2682 1812 2743 omnia
1835 2692 1840 2707 ⁸

510 2799 591 2861 quae
602 2792 660 2844 eet
670 2803 688 2844 o
698 2782 811 2845 litteris
820 2781 943 2844 latendi
953 2781 1047 2843 modo
1059 2783 1277 2859 terminantur,
1287 2781 1408 2857 eadem,
1420 2783 1445 2844 si
1457 2783 1489 2844 in
1506 2780 1637 2843 infinitis
1647 2801 1662 2843 e
1672 2781 1812 2844 litteram

510 2881 613 2944 media
630 2881 751 2961 syllaba
768 2893 966 2962 acceperunt,
984 2883 1094 2961 utique
1111 2881 1299 2962 productam
1322 2881 1451 2959 habent,
1469 2892 1506 2945 ut
1525 2881 1674 2961 ‘prandeo
1689 2879 1812 2961 pendeo

509 2982 648 3062 spondeo
661 2982 814 3062 prandere
828 2982 963 3062 pendere
978 2981 1150 3062 spondere’.
1190 2983 1235 3045 At
1249 3001 1331 3061 quae
1345 3003 1362 3044 o
1377 2982 1475 3044 solam
1496 2980 1625 3058 habent,
1640 2980 1812 3043 dummodo

508 3101 564 3162 per
576 3081 709 3144 eandem
723 3082 862 3145 litteram
876 3083 908 3144 in
923 3081 1046 3144 infinito
1059 3093 1182 3159 exeant,
1196 3081 1304 3144 brevia
1324 3081 1416 3158 fiunt,
1433 3082 1510 3161 ‘lego
1524 3082 1594 3144 dico
1609 3100 1698 3143 curro
1712 3081 1818 3161 legere·
1949 3125 1953 3138 .

510 3182 611 3245 dioere
626 3183 767 3245 currere’.

517 3320 521 3326 ·
550 3282 762 3361 Quintilianus
773 3284 853 3344 Inst.
864 3281 918 3344 Or.
931 3284 957 3358 1,
969 3283 999 3358 6,
1011 3283 1062 3357 20;
1075 3283 1122 3344 21.
1570 3360 1574 3369 Ι

510 3381 593 3459 Quid
610 3383 695 3445 enim
713 3391 781 3444 tam
798 3383 1006 3444 necessarium
1023 3400 1120 3461 quam
1137 3392 1235 3469 recta·
1241 3382 1376 3444 locutio?
1416 3382 1519 3442 Immo
1540 3379 1765 3443 inhaerendum
1782 3380 1813 3442 ei

508 3482 622 3559 indico,
637 3482 742 3562 quoad
755 3483 837 3559 lioet,
852 3482 906 3544 diu
919 3483 1017 3544 etiam
1031 3482 1229 3544 mutantibus
1241 3481 1493 3561 repugnandum:
1514 3481 1568 3543 sed
1581 3480 1701 3542 abolita
1713 3488 1813 3558 atque

507 3580 660 3661 abrogata
675 3583 807 3645 retinere
823 3583 1006 3644 insolentiae
1022 3582 1184 3645 cuiusdam
1198 3592 1247 3643 est
1262 3591 1295 3644 et
1310 3581 1440 3643 frivolae
1462 3583 1494 3643 in
1509 3581 1616 3660 parvis
1630 3580 1811 3643 iactantiae.

509 3682 651 3744 Multum
663 3683 749 3745 enim
761 3682 930 3758 litteratus,
945 3683 1000 3761 qui
1013 3683 1079 3744 sine
1092 3682 1304 3762 adspiratione
1317 3691 1350 3743 et
1369 3681 1524 3761 producta
1541 3681 1677 3743 secunda
1691 3678 1812 3759 syllaba
1902 3696 1907 3706 ·

508 3781 654 3844 salutarit
667 3778 794 3858 (⁴avere’
804 3792 853 3844 est
863 3779 961 3858 enim)
1005 3830 1011 3844 .
1055 3778 1073 3844 .’
1106 3830 1113 3844 .
1157 3831 1163 3844 .
1206 3783 1254 3843 his
1270 3782 1387 3844 adiciat
1399 3781 1487 3843 ‘fane’
1499 3791 1532 3842 et
1545 3781 1632 3843 ‘dice'
1643 3790 1677 3842 et
1688 3779 1811 3842 similia.

549 3882 761 3959 Quintilianus
774 3882 854 3945 Inst.
867 3881 921 3944 Or.
936 3883 963 3959 I,
978 3881 1006 3959 7,
1022 3884 1053 3958 2;
1066 3883 1094 3944 3.

507 3980 623 4061 Longis
637 3981 766 4060 syllabis
780 3981 925 4044 omnibus
938 3981 1095 4062 adponere
1110 3982 1232 4061 apicem
1252 3981 1482 4060 ineptissimum
1496 3990 1555 4057 est,
1571 3980 1645 4060 quia
1659 3979 1812 4059 plurimae

508 4092 623 4142 natura
644 4082 711 4161 ipsa
732 4081 830 4159 verbi,
852 4082 938 4161 quod
957 4082 1113 4157 scribitur,
1133 4092 1257 4160 patent,
1278 4080 1333 4142 sed
1353 4073 1479 4142 interim
1499 4080 1718 4155 necessarium,
1739 4097 1812 4140 cum
1900 4116 1906 4123 ·

507 4180 619 4243 eadem
635 4181 740 4243 littera
755 4182 853 4244 alium
868 4192 965 4261 atque
981 4183 1078 4245 alium
1095 4182 1297 4257 intellectum,
1314 4190 1408 4260 prout
1432 4189 1575 4259 correpta
1591 4180 1641 4242 vel
1656 4178 1812 4259 producta

507 4290 566 4356 est,
580 4280 671 4343 facit:
685 4292 721 4343 ut
736 4281 857 4345 ‘malus’
870 4281 1013 4343 arborem
1027 4281 1178 4361 significet
1197 4299 1238 4342 an
1258 4280 1416 4342 hominem
1435 4299 1499 4341 non
1513 4279 1631 4341 bonum
1648 4280 1736 4359 apice
1750 4278 1812 4339 dis-

510 4382 674 4461 tinguitur,
689 4382 799 4462 ‘palus’
811 4381 898 4443 aliud
909 4382 1012 4461 priore
1024 4380 1145 4459 syllaba
1158 4381 1260 4460 longa,
1273 4380 1359 4442 aliud
1373 4381 1516 4459 sequenti
1526 4379 1691 4459 significat,
1699 4387 1808 4439 etcum
1938 4390 1945 4401 ·

507 4482 618 4545 eadem
631 4482 737 4545 littera
751 4482 948 4543 nominativo
962 4499 1036 4542 casu
1050 4480 1163 4556 brevis,
1177 4480 1319 4542 ablativo
1335 4480 1428 4559 longa
1443 4490 1510 4542 utrt
1524 4489 1613 4541 soum
1627 4496 1806 4557 sequamur,

507 4582 690 4662 plerumque
702 4581 761 4643 hac
770 4591 848 4643 nota
859 4581 1006 4643 monendi
1016 4600 1133 4642 sumus.

548 4682 760 4761 Quintilianus
774 4683 853 4743 Inst.
868 4680 922 4743 Or.
936 4682 997 4757 XI,
1013 4683 1041 4757 3,
1059 4678 1104 4741 17.

509 4782 627 4844 Utendi
647 4801 724 4844 vooe
744 4782 908 4861 multiplex
928 4782 1019 4843 ratio.
1061 4781 1146 4842 Nam
1166 4779 1395 4873 praeterillam
1418 4779 1637 4855 differentiam,
1660 4794 1740 4856 quae
1761 4785 1811 4838 est

510 4881 679 4960 tripartita,
693 4891 816 4957 acutae,
831 4881 945 4961 gravis,
960 4879 1066 4956 flexae,
1082 4891 1151 4942 tum
1165 4881 1295 4942 intentis
1309 4889 1378 4940 tum
1392 4879 1536 4955 remissis,
1552 4891 1621 4940 tum
1634 4877 1726 4939 elatis
1740 4885 1811 4937 tum
