3942 6130
507 833 546 894 20
964 833 1071 912 Jmms
1093 833 1124 895 S.
1146 832 1344 894 Manrroan

506 1031 831 1210 indtensdtdlscdmzsgdiri
850 1150 926 1192 voce
943 1131 1177 1211 pronuntiatur,
1196 1131 1350 1211 significat
1369 1132 1459 1211 qnod:
1477 1139 1573 1193 acuta
1590 1141 1640 1194 est
1659 1131 1811 1210 temporis

506 1230 702 1309 adverbium,
720 1240 758 1293 ut
774 1232 907 1293 Plautus
922 1230 955 1292 in
972 1231 1188 1293 Menaechmis
1203 1232 1263 1293 ait:
1305 1230 1403 1292 “Ideo
1419 1231 1495 1310 quia
1511 1250 1663 1308 mensam,
1681 1231 1811 1310 quando

506 1330 578 1408 edo,
596 1330 773 1410 detergeo.”
815 1332 858 1392 Et
875 1331 907 1392 in
925 1329 1092 1393 Pseudolo:
1133 1330 1258 1408 “Dabo,
1278 1330 1405 1410 quando
1421 1333 1491 1393 erit.
1534 1332 1662 1409 Ducit0,
1682 1330 1811 1411 quando

508 1430 670 1492 habebis.’'
717 1432 760 1492 Et
782 1431 902 1493 Ennius
924 1431 944 1492 l.
966 1431 1070 1493 XVL:
1111 1431 1204 1492 “Nox
1232 1431 1360 1510 quando
1381 1431 1492 1493 mediis
1513 1432 1609 1511 signis
1629 1433 1811 1511 praecincta

510 1529 664 1593 volabit.''

549 1630 731 1693 Athenaeus
744 1631 895 1710 Deipnos.
908 1632 941 1693 X
954 1651 986 1710 p.
1001 1630 1090 1692 425a.

260 1752 406 1796 Athenaeus:
512 1735 574 1794 Kal
595 1736 678 1806 παρὰ
699 1736 849 1807 Ῥωμαίοις
871 1737 902 1796 δὲ
917 1737 946 1795 οἱ
969 1735 1173 1805 εὐγενέστατοι
1195 1740 1253 1794 τῶν
1279 1737 1391 1794 παίδων
1413 1737 1467 1808 τὴν
1493 1736 1682 1805 λειτουργίαν
1701 1735 1812 1806 ταύτην

260 1835 409 1929 mim
407 1836 485 1934 ..¹1ng
510 1836 675 1895 ἐκτελοῦσιν
692 1835 722 1893 ὲν
739 1839 798 1897 τοῖς
816 1835 987 1909 δημοτελέσι
1005 1839 1063 1893 τῶν
1075 1835 1181 1894 θυσιῶν
1194 1836 1292 1893 πάντα
1310 1836 1374 1897 τοὺς
1392 1835 1506 1897 Αἰολεῖς
1523 1835 1690 1907 μιμούμενα
1705 1835 1743 1896 ὡς
1760 1836 1811 1894 rai

260 1938 309 1980 ¹⁸⁰·
511 1936 587 1994 rard
603 1936 668 1997 τοὺς
685 1934 782 1996 τόνους
799 1934 850 2006 τῆς
867 1935 972 2006 φωνῆς.

261 2051 445 2102 trivissem:
551 2030 653 2110 Caper
665 2030 751 2109 apud
765 2031 959 2093 Priscianum
973 2032 1053 2107 IIII,
1069 2033 1119 2106 21;
1135 2032 1204 2109 22p.
1223 2031 1288 2105 128,
1304 2030 1398 2092 2311.

260 2133 486 2232 ξῖῗὲξὲὴὲὦξὲξ
511 2131 592 2193 Sunt
613 2131 675 2192 alia
697 2131 729 2192 in
752 2149 788 2191 as
809 2131 1055 2206 denominativa,
1079 2149 1158 2209 quae
1186 2130 1369 2210 plerumque
1398 2130 1510 2192 similia
1532 2140 1607 2192 sunt
1629 2129 1811 2192 accusativo

510 2230 623 2309 plurali
640 2231 872 2310 primitivorum
889 2250 1018 2293 suorum
1035 2241 1068 2293 et
1086 2242 1161 2292 sunt
1179 2230 1367 2305 communia,
1387 2240 1423 2292 ut
1442 2231 1569 2309 primas,
1589 2230 1729 2309 optimus,
1748 2231 1811 2290 Ra-

511 2332 632 2405 venons,
652 2329 803 2410 capenas,
823 2330 972 2409 Arpinas,
992 2332 1162 2406 Crotonids,
1183 2330 1320 2406 Pontias,
1342 2329 1484 2406 Larinas,
1505 2349 1587 2408 quae
1607 2329 1677 2391 ideo
1697 2331 1730 2392 in
1750 2328 1812 2390 fine

512 2429 630 2495 habent
643 2429 874 2492 circumflexum
886 2441 1061 2507 accentum,
1076 2431 1149 2510 quia
1161 2449 1218 2509 per
1230 2448 1402 2509 syncopam
1414 2429 1626 2509 proferuntur.
1668 2430 1812 2492 Perfecta

510 2530 596 2591 enim
612 2549 720 2591 eorum
737 2530 941 2593 inveniuntur
957 2530 1043 2610 apud
1061 2531 1295 2609 antiquissimos
1312 2531 1345 2592 in
1363 2530 1403 2591 tis
1420 2530 1606 2606 desinentia,
1625 2530 1673 2592 hic
1690 2539 1723 2591 et
1742 2529 1813 2591 haee

512 2629 663 2708 primatiS,
682 2630 845 2709 optimatis,
867 2630 1039 2709 Arpinatis,
1061 2630 1143 2692 unde
1164 2641 1276 2694 neutra
1297 2648 1422 2708 quoque
1438 2649 1548 2694 eorum
1566 2631 1598 2691 in
1616 2649 1631 2691 e
1651 2629 1813 2691 desinunt:

512 2729 650 2808 primate,
663 2729 814 2808 optimate,
827 2731 986 2808 Arpinate,
999 2740 1033 2792 et
1044 2729 1204 2792 ablativus
1217 2731 1249 2791 in
1261 2730 1284 2806 i,
1299 2749 1383 2791 more
1395 2749 1514 2806 eorum,
1535 2748 1616 2808 quae
1635 2729 1667 2790 in
1686 2730 1716 2790 is
1733 2728 1814 2790 desi·

512 2829 630 2906 nentia,
647 2848 719 2890 cum
736 2830 799 2891 sint
816 2831 990 2892 communis
1005 2831 1125 2910 generis
1140 2839 1173 2891 et
1189 2829 1309 2891 faciant
1326 2831 1357 2891 in
1371 2839 1554 2905 eneutrum,
1569 2830 1601 2891 in
1613 2830 1627 2890 i
1640 2829 1812 2891 terminant

513 2928 702 2990 ablativum:
717 2949 737 2990 a
752 2930 886 3008 primati,
903 2931 1051 3009 optimati,
1067 2931 1224 3008 Arpinati.
1266 2931 1309 2990 Et
1325 2930 1415 2991 testis
1429 2930 1495 2991 eius
1512 2929 1624 3008 Caper,
1641 2931 1696 3008 qui
1711 2930 1814 2991 diver-

513 3049 619 3091 sorum
633 3028 672 3091 de
688 3029 901 3092 huiuscemodi
915 3029 1094 3092 nominibus
1107 3030 1205 3109 ponit
1214 3049 1288 3090 usus
1302 3038 1479 3105 auctorum,
1495 3028 1684 3090 confirmans
1699 3037 1765 3089 tam
1780 3028 1812 3090 in

513 3130 542 3190 is
561 3147 657 3207 quam
675 3130 707 3190 in
727 3148 762 3190 as
780 3129 993 3192 huiuscemodi
1012 3131 1140 3191 nomina
1158 3129 1254 3192 solere
1272 3129 1412 3208 proferri.
1456 3130 1539 3191 Cato
1559 3129 1726 3191 Censorius
1745 3129 1777 3190 in
1797 3128 1814 3188 I

513 3230 681 3309 originum:
699 3229 750 3290 sed
766 3229 854 3291 tuens
870 3230 1045 3308 Capenatis.
1086 3230 1125 3290 In
1145 3230 1192 3291 11:
1210 3230 1239 3290 si
1255 3229 1325 3308 qais
1342 3237 1478 3291 mortuns
1495 3238 1537 3291 est
1554 3229 1729 3307 Arpinatis,
1748 3229 1816 3288 eins

514 3328 646 3390 heredem
666 3348 751 3390 sacro
772 3349 835 3390 non
854 3337 1002 3392 sannae.
1044 3329 1179 3391 Ibidem:
1199 3330 1301 3390 laeum
1320 3329 1473 3390 Dianium
1493 3329 1529 3390 in
1549 3348 1667 3390 nemore
1686 3328 1815 3390 Aricino

512 3428 642 3507 Egerius
654 3429 787 3490 Boebr'res
802 3430 994 3491 Tuserdanus
1006 3429 1150 3491 dedicarit
1168 3429 1293 3491 dictator
1311 3429 1450 3489 Latinus.
1492 3429 1539 3489 Hi
1557 3429 1666 3508 populi
1684 3448 1816 3490 commn-

514 3530 604 3590 niter:
623 3529 824 3604 Tusculanas,
836 3528 994 3605 Aricinus,
1004 3529 1193 3605 Lanuvinus,
1204 3530 1351 3603 Laurens,
1361 3529 1388 3590 C
1389 3547 1513 3605 uranus,
1528 3528 1672 3603 Tiburtis,
1684 3528 1815 3589 Pometi-

514 3648 583 3705 nns,
601 3629 753 3703 Ardeatis,
770 3628 912 3690 Rutulus.
953 3629 1094 3691 Ardeatis
1111 3629 1189 3690 dixit
1206 3648 1263 3708 pro
1276 3648 1324 3704 eo,
1342 3629 1428 3707 quod
1444 3647 1530 3689 nunc
1542 3628 1675 3690 dicimus
1688 3628 1814 3689 Ardads.

514 3729 651 3790 Titinius
670 3730 702 3790 in
720 3729 863 3807 psaltria:

793 3880 819 3938 F
819 3879 994 3940 arentinatis
1006 3880 1139 3958 popalus
1152 3897 1198 3939 res
1211 3878 1340 3940 Graecas
1353 3878 1457 3955 studet,

515 4049 572 4107 pro
596 4029 782 4091 Ferentinis,
823 4030 897 4091 Non
920 4039 970 4090 est
992 4029 1087 4108 igitur
1110 4027 1252 4103 dubium,
1276 4028 1474 4107 quod-cum
1498 4028 1531 4089 in
1554 4027 1710 4105 omnibus,
1735 4046 1815 4106 quae

514 4129 743 4208 paenultimam
758 4127 876 4190 habent
892 4127 1130 4203 circumflexam,
1147 4129 1173 4189 si
1187 4128 1351 4207 patiantur
1367 4145 1549 4206 syncopam,
1566 4145 1727 4190 servamus
1741 4146 1818 4188 eun-

516 4228 588 4290 dem
607 4229 826 4291 accentum-in
847 4229 968 4304 ultima,
990 4238 1026 4289 ut
1047 4228 1174 4307 modice
1194 4227 1316 4306 modae,
1338 4227 1452 4289 audivit
1473 4227 1568 4303 audit,
1589 4228 1704 4306 cupivit
1721 4232 1817 4305 cuptt,

511 4330 643 4409 snmdoit
650 4330 761 4408 sumit,
775 4330 856 4390 illice
868 4330 942 4405 illie,
957 4328 1041 4389 istiee
1053 4328 1131 4404 istic,
1146 4327 1239 4407 idque
1254 4326 1400 4388 omnibus
1411 4327 1516 4406 placet
1529 4328 1647 4391 artium
1660 4327 1819 4405 scriptori-

516 4428 585 4505 bus,
600 4430 654 4508 qui
667 4429 706 4490 de
718 4438 850 4490 accentu
869 4427 1235 4508 scripserunt-debeant
1254 4427 1331 4488 haec
1351 4446 1475 4507 quoque
1495 4426 1579 4488 idem
1598 4445 1730 4499 servare,
1745 4445 1818 4486 cum

516 4530 541 4590 ti
550 4529 714 4594 subtracta
722 4529 916 4608 paenultima
926 4527 1063 4603 vocabis,
1074 4546 1154 4607 quae
1165 4525 1467 4589 circumflectebatur
1476 4527 1509 4588 in
1519 4527 1656 4588 dictione
1665 4526 1818 4605 perlecta,

520 4626 631 4703 (idest
651 4626 684 4704 a)
704 4629 864 4690 invenitur
882 4629 994 4689 ultima
1013 4628 1045 4689 in
1065 4629 1238 4689 concisione
1257 4625 1376 4688 habens
1394 4625 1529 4687 eundem
1547 4637 1724 4687 accentum.
1766 4626 1820 4686 In-

517 4729 687 4791 veniuntur
706 4739 814 4790 tamen
832 4728 930 4790 etiam
948 4728 1074 4806 propria
1093 4727 1287 4789 differentiae
1307 4744 1401 4787 causa
1421 4727 1453 4788 in
1473 4725 1533 4786 fine
1554 4725 1761 4801 circumflexa,
1782 4734 1819 4786 ut

517 4831 617 4890 Lentis
638 4830 772 4904 unitis,
795 4827 908 4889 Mentis
929 4827 1076 4902 Mentttis,
1099 4847 1138 4888 ne
1160 4827 1332 4888 accusativi
1354 4826 1490 4905 plurales
1511 4845 1617 4887 menae
1639 4822 1748 4905 [genus
1769 4835 1820 4886 est

518 4924 620 5007 piscis]
632 4941 665 4990 et
676 4930 760 4991 lenae
773 4924 968 5001 [femininum
978 4937 1027 4988 est
1039 4924 1167 5002 lenonis]
1179 4946 1245 4989 esse
1257 4936 1419 5005 putentur.
