3942 6130
429 823 504 884 Tira
523 823 709 885 Tnanrrrorv
730 839 772 884 or
791 840 857 885 rna
876 824 982 885 Lnrm
1001 826 1135 887 Accam
1396 825 1436 886 49

15 1095 19 1103 ⁵
136 1042 316 1102 possumus3
333 1031 391 1084 aut
408 1030 492 1086 certe
504 1022 578 1102 quia
589 1042 682 1087 omne
693 1027 803 1100 μόριον,
816 1020 837 1086 i.
850 1046 877 1087 e.
889 1024 1055 1105 particula,
1068 1044 1148 1105 quae
1161 1025 1209 1088 sui
1226 1025 1435 1089 substantiam

136 1142 203 1185 non
220 1119 327 1198 habet,
344 1122 520 1208 membrum
537 1131 670 1204 putatur
688 1123 853 1204 superioris
870 1124 1031 1200 orationis,
1050 1125 1135 1204 quod
1152 1125 1179 1188 si
1197 1137 1255 1201 est,
1273 1126 1437 1205 liminaque

137 1221 231 1300 quasi
245 1240 309 1283 una
324 1240 399 1302 pars
415 1222 567 1285 orationis
583 1232 644 1300 est;
660 1233 693 1286 et
709 1232 816 1304 potest
831 1244 886 1305 que
902 1223 1066 1288 finalitatis
1088 1225 1211 1288 ratione
1232 1224 1284 1289 vel
1305 1225 1438 1304 produci

88 1316 93 1324 ’
136 1320 189 1385 vel
201 1320 323 1401 corripi.

179 1421 303 1485 Servius
317 1421 359 1484 ad
371 1422 450 1484 Aen.
464 1422 527 1498 HI,
543 1424 610 1484 286.

134 1523 250 1602 Magni
260 1528 409 1601 gestamen
420 1520 561 1599 Abantis]
578 1521 776 1586 Paenultima
789 1523 886 1587 habet
898 1535 1073 1587 acoentum.

180 1621 305 1685 Servius
317 1621 359 1685 ad
372 1622 452 1684 Aen.
466 1622 529 1698 111,
544 1623 611 1684 569.

136 1722 303 1802 ignarique
315 1721 380 1784 riae
391 1722 557 1802 Cyclopum
570 1722 730 1786 etiamr
743 1720 815 1799 oris]
828 1724 993 1804 Cyclopum
1006 1724 1050 1786 clo
1064 1724 1160 1786 habet
1174 1728 1348 1800 atcentum,
1363 1724 1438 1803 quia

137 1821 254 1884 Latina
269 1820 438 1884 declinatio
453 1831 514 1899 est3
529 1821 563 1885 in
578 1809 769 1898 accusativo,
785 1823 860 1902 quia
876 1823 994 1887 Graece
1007 1823 1114 1905 posuit
1122 1825 1271 1904 Cyclopas
1281 1827 1330 1909 Cy
1341 1824 1439 1887 babet

138 1931 317 1999 accentum;
330 1918 376 1997 [si]
387 1921 541 2000 Cyclopes,
551 1921 595 1984 elo
606 1922 736 1985 habebit
748 1919 943 1999 {accentuml

181 2020 305 2084 Servius
318 2022 360 2084 ad
372 2022 451 2084 Aen.
466 2022 522 2099 IV,
536 2023 565 2084 8.

135 2121 217 2184 Cum
233 2121 277 2183 sir
293 2122 473 2183 onerantem
490 2121 660 2203 adloquilm
674 2121 752 2184 mole
774 2134 852 2185 sona
873 2121 1010 2200 samm]
1027 2125 1101 2187 Non
1117 2122 1208 2205 plene
1225 2143 1312 2199 sana,
1333 2143 1439 2186 amore

137 2221 268 2298 vitiata;
286 2221 364 2284 mole
382 2222 467 2284 enim
484 2220 667 2302 plerumque
684 2241 747 2285 noa
762 2221 945 2303 plerumque
961 2224 1064 2287 mauu
1081 2223 1236 2303 significat
1278 2271 1284 2285 .
1329 2272 1334 2283 .
1379 2270 1385 2283 .
1430 2271 1436 2283 .

141 2318 185 2396 [et
197 2320 325 2399 quidam
336 2320 449 2384 nolunt
461 2325 530 2396 ὑφὲν
541 2320 640 2402 legere
652 2342 710 2385 nec
722 2341 789 2385 esse
801 2322 1010 2403 compositum
1022 2324 1164 2401 verbum,
1177 2323 1251 2403 quia
1264 2323 1439 2403 composita

139 2441 239 2483 unum
253 2420 436 2501 plerumque
451 2430 652 2502 corrumpant
665 2442 790 2485 necesse
803 2433 862 2499 est,
877 2432 914 2485 ut
926 2422 1122 2501 molasuodol.

181 2520 307 2583 Servius
319 2522 361 2584 ad
373 2522 451 2584 Aen.
466 2521 522 2597 IV,
537 2522 604 2583 268.
1008 2581 1012 2587 .

139 2621 231 2684 Claro
254 2620 381 2683 danitlr'l
402 2618 540 2701 Olmpo]
580 2622 736 2685 Accentus
760 2642 834 2685 sane
858 2622 995 2686 Graecus
1019 2634 1095 2686 tunc
1117 2631 1224 2704 potest
1246 2641 1323 2698 esse,
1347 2621 1375 2683 si
1398 2621 1440 2682 sit

142 2720 264 2783 Graeca
274 2720 454 2798 declinatio,
467 2730 505 2783 ut
515 2726 665 2798 Ὄλυμπος
682 2727 841 2799 Ὀλύμπουε
853 2742 927 2785 nam
938 2723 1052 2786 Latine
1061 2723 1187 2802 Olmpi
1199 2719 1307 2797 [iacitl.

183 2820 308 2883 Servius
320 2821 362 2882 ad
375 2820 454 2884 Aen.
470 2822 526 2897 IV,
539 2822 607 2883 416.

139 2923 237 2983 Anno
249 2920 328 2982 eides
346 2927 403 2982 toto
420 2921 578 3000 properari
594 2922 679 2984 litore
695 2924 807 2984 circam
828 2923 967 3003 Undique
979 2920 1144 2999 cranmere]
1163 2918 1284 2997 [aarum
1307 2940 1371 2982 non
1391 2928 1440 2983 est

141 3019 332 3100 praepositio
350 3021 405 3082 sed
424 3020 609 3084 adverbium
628 3020 698 3098 loci]
716 3041 791 3085 nam
813 3022 990 3102 postposita
1012 3021 1202 3103 praepositio
1220 3030 1254 3083 et
1276 3029 1439 3083 accentum

141 3119 281 3182 mutavit
295 3129 328 3183 et
341 3139 414 3182 suas
427 3120 562 3200 perdidit
577 3120 668 3184 vires.

183 3220 308 3283 Servius
321 3220 363 3282 ad
375 3221 453 3282 Aen.
468 3221 506 3297 V,
521 3221 588 3284 603.

142 3321 175 3381 H
176 3340 211 3381 oc
225 3320 367 3382 celebrata
380 3317 476 3396 tenus]
492 3320 615 3383 Tmesis
630 3330 679 3384 est
698 3318 767 3397 [hoc
783 3319 841 3398 est]
859 3322 914 3384 lior
930 3330 1026 3398 lenas,
1041 3333 1074 3385 et
1090 3321 1147 3404 hic*
1158 3340 1270 3397 sermo,
1285 3331 1441 3399 quantum

141 3421 184 3482 ad
207 3428 308 3482 artem
332 3428 456 3500 spectat
478 3421 558 3483 duas
581 3420 722 3484 continet
744 3430 849 3501 partes
872 3422 1032 3499 orationis,
1057 3432 1094 3485 ut
1117 3422 1172 3484 lura
1195 3439 1365 3501 pronomen
1389 3418 1441 3496 sit,

14 3604 18 3609 ᾖ
142 3528 229 3582 unus
244 3519 445 3599 praepositio,
462 3520 543 3583 sicut
558 3521 737 3600 pedetenus
753 3531 786 3583 et
801 3542 922 3584 crurum
938 3530 1037 3596 terum·
1052 3523 1107 3585 sed
1122 3522 1184 3584 iam
1202 3539 1276 3583 usus
1292 3518 1441 3595 obtinuit,

142 3628 180 3682 ut
196 3639 254 3699 pro
269 3638 333 3683 una
349 3629 440 3700 parte
455 3619 620 3697 habeatur,
637 3640 710 3701 ergo
726 3621 909 3685 adverbium
926 3631 983 3685 est.
1025 3622 1152 3684 Etenim
1168 3620 1270 3683 omnis
1284 3639 1358 3701 pars
1374 3638 1442 3681 ora·

142 3719 239 3782 tionis
258 3738 329 3781 cum
347 3719 475 3782 desierit
493 3737 559 3783 esse
578 3720 663 3799 quod
682 3730 740 3797 est,
760 3720 792 3782 in
812 3721 996 3784 adverbium
1014 3721 1142 3802 migrat3
1161 3729 1194 3783 et
1212 3729 1262 3784 est
1280 3718 1442 3799 temporis:

143 3837 218 3881 nam
232 3819 380 3900 immotae
393 3819 558 3899 significat.

183 3919 310 3982 Servius
324 3919 366 3982 ad
378 3920 457 3982 Aen.
472 3920 511 3995 V,
525 3921 594 3982 613.

141 4021 186 4081 Ar
198 4019 304 4097 procul
316 4020 568 4082 insolescerem
587 4020 719 4082 Troadas
732 4019 809 4097 octo]
823 4022 901 4082 Arta
914 4030 1042 4082 mutata
1058 4047 1076 4096 η
1089 4019 1123 4081 in
1136 4039 1155 4080 a
1168 4018 1318 4099 superiori
1334 4036 1442 4080 accen·

144 4128 214 4181 tum
227 4119 348 4195 damus,
356 4129 393 4181 ut
408 4123 522 4196 Ἑλένη,
532 4121 566 4182 H
565 4121 659 4196 luno,
672 4125 775 4199 Κίρκη,
785 4121 890 4194 Circen·
905 4140 977 4200 ergo
990 4120 1138 4199 quoniam
1155 4128 1188 4182 et
1206 4123 1277 4195 ἀκτή
1289 4117 1442 4180 Graecum

143 4227 202 4294 est,
219 4237 291 4280 cum
307 4227 372 4280 orta
386 4219 473 4296 iacit,
488 4219 681 4300 paenultima
700 4219 814 4283 habere
829 4221 922 4284 debet
937 4231 1112 4283 accentum:
1129 4219 1183 4282 se'd
1208 4226 1334 4300 propter
1356 4217 1443 4279 diffe-

144 4317 277 4381 rentiam
297 4328 515 4397 commutatur,
529 4340 569 4382 ne
587 4340 650 4382 non
670 4330 786 4383 secreta
802 4330 835 4382 et
854 4339 984 4384 amoena
997 4319 1131 4395 litorum,
1145 4320 1199 4382 sed
1210 4316 1443 4399 participialiter

142 4425 208 4481 ocu
220 4417 376 4497 significet.

185 4517 308 4580 Servius
320 4518 361 4580 ad
373 4520 449 4581 Aen.
464 4519 502 4595 V,
515 4520 581 4581 665.

143 4620 163 4681 I
164 4638 291 4680 mensos
305 4620 414 4699 perfert
426 4619 513 4681 navis
526 4621 671 4682 Eumelus
685 4628 713 4683 ct
725 4617 799 4699 ipsa]
814 4621 958 4682 Ermrtlus
971 4619 1104 4681 Latinus
1118 4626 1266 4681 accentus
1280 4625 1327 4678 est
1343 4624 1442 4680 trans·

144 4718 213 4781 lato
229 4718 356 4781 nomine
372 4718 406 4780 in
421 4718 580 4781 Latinum.
624 4717 717 4794 [Nam
736 4719 854 4783 Graece
871 4719 985 4782 dicitur
1006 4725 1137 4796 Εὔμηλος
1154 4725 1187 4780 et
1203 4717 1331 4795 diligens
1348 4714 1442 4777 inter-

143 4816 310 4900 pretatur]
