3942 6130
473 773 548 833 irin
567 772 753 834 Taanmou
773 787 815 833 or
835 788 900 833 nnn
920 772 1025 833 Lanu
1045 771 1179 835 Aocnur
1441 772 1483 835 39

178 992 309 1036 numero
322 972 512 1052 syllabarum
526 973 773 1052 paeneultimum
788 972 847 1035 sibi
861 982 987 1035 tantum
1001 972 1143 1035 vindicat
1155 971 1269 1049 locum,
1283 983 1317 1036 et
1329 973 1389 1035 hac
1401 973 1479 1054 lege,

179 1083 227 1149 ut,
246 1072 301 1135 ubi
319 1072 414 1137 fuerit
431 1072 482 1137 hic
500 1083 658 1149 accentus,
675 1073 889 1152 paeneultima
907 1073 949 1135 sit
966 1072 1153 1136 naturaliter
1170 1072 1273 1153 longa.
1314 1074 1367 1136 Ita
1385 1074 1423 1136 fit
1441 1082 1480 1136 ut

178 1171 252 1235 huic
281 1173 425 1236 accentui
456 1173 620 1235 trochaeus
638 1172 835 1243 ,naturaliter
861 1171 972 1253 longus
998 1173 1165 1235 convenire
1197 1174 1352 1236 videatur.
1395 1174 1479 1236 Item

178 1271 396 1351 monosyllaba
422 1293 496 1352 pars
522 1273 673 1335 orationis
700 1283 776 1335 tunc
803 1273 900 1335 istum
926 1273 1057 1335 habebit
1083 1284 1259 1349 accentum,
1287 1292 1359 1335 cum
1385 1272 1480 1353 longa

178 1372 275 1434 inerit
288 1383 403 1435 natura
418 1382 555 1449 tantum,
571 1382 609 1435 ut
622 1373 667 1435 sol
680 1374 743 1435 dor.

221 1472 343 1554 Sergius
355 1474 396 1536 de
408 1492 473 1535 acc.
490 1469 532 1546 [in
545 1470 641 1548 Donl
654 1493 686 1552 p.
700 1473 771 1548 483,
788 1471 822 1535 17
838 1474 880 1534 K.

181 1572 294 1635 Gravis
306 1594 381 1636 vero
393 1583 542 1636 accentus
554 1592 626 1635 cum
638 1581 734 1635 acuto
744 1583 778 1635 et
796 1572 992 1635 circumflexo
1004 1584 1137 1635 accentu
1147 1572 1223 1652 poni
1235 1572 1362 1652 poterit.
1404 1571 1480 1635 Pos-

181 1692 288 1735 sumus
305 1674 389 1736 enim
406 1674 439 1736 in
456 1693 494 1736 eo
511 1672 597 1753 quod
613 1682 663 1735 est
678 1672 817 1735 Cclutllus
834 1691 963 1753 gravem
979 1692 1095 1752 ponere
1111 1683 1278 1736 accentum
1295 1693 1367 1735 cum
1384 1682 1480 1735 acuto

179 1772 213 1834 in
241 1772 538 1853 antepaeneultima.
579 1773 663 1834 Item
691 1792 764 1834 cum
792 1773 988 1835 circumflexo
1016 1773 1063 1835 ita
1090 1773 1230 1853 ponitur,
1259 1782 1297 1835 ut
1324 1773 1478 1853 cethegus.

180 1874 296 1936 Verum
308 1872 383 1952 quia
394 1893 518 1936 necesse
529 1892 594 1936 non
605 1882 654 1935 est
666 1882 703 1934 ut
715 1892 787 1934 cum
800 1871 926 1953 reliquis
936 1883 1084 1951 ponatur,
1096 1874 1152 1936 fiet
1164 1872 1326 1952 scriptoris
1336 1872 1479 1935 arbitrio.

181 1973 242 2036 Sed
263 1973 314 2036 hic
335 1973 440 2054 gravis
460 1983 610 2036 accentus
631 1992 695 2035 non
716 1971 814 2035 habet
835 1972 1087 2035 communionem
1108 1974 1240 2037 eandem
1264 1992 1336 2034 cum
1358 1972 1480 2049 ceteris,

181 2091 277 2152 quam
292 2093 364 2135 cum
379 2074 574 2136 circinnflero
589 2083 622 2135 et
635 2081 740 2135 acuto.
782 2073 885 2151 Quam
900 2071 927 2134 si
940 2082 1049 2135 tamen
1063 2083 1096 2136 et
1110 2093 1182 2135 cum
1197 2072 1308 2134 ceteris
1322 2072 1480 2148 habuerit,

179 2193 245 2236 non
265 2174 362 2236 habet
382 2173 444 2235 nisi
462 2193 518 2253 per
538 2172 626 2247 istos,
649 2183 686 2235 ut
707 2172 879 2235 malesanus
898 2173 1078 2235 interedloci.
1121 2174 1180 2236 Sed
1201 2172 1313 2252 nequis
1332 2181 1426 2253 putet
1446 2171 1480 2234 in

103 2304 111 2313 ·
180 2273 273 2336 huius
292 2273 378 2335 modi
397 2272 593 2336 sermonibus
612 2281 764 2351 quattuor
782 2292 850 2335 esse
869 2283 1027 2349 accentus,
1047 2273 1175 2352 hyphen
1194 2281 1253 2335 aut
1271 2282 1401 2336 acutum
1420 2282 1479 2334 aut

180 2373 412 2435 circumflexum
430 2382 487 2434 aut
505 2391 643 2453 gravem,
663 2371 817 2451 siquidem
835 2372 914 2434 dicit
932 2371 965 2436 in
984 2373 1154 2453 conpositis
1172 2372 1363 2435 dictionibus
1380 2391 1480 2434 unum

179 2483 345 2536 accentum
356 2493 423 2536 esse
433 2472 546 2536 debere
556 2491 620 2534 non
631 2471 745 2548 minus,
757 2491 854 2552 quam
864 2472 897 2534 in
914 2491 979 2535 una
995 2484 1086 2552 parte
1102 2471 1263 2535 orationis.
1305 2474 1365 2535 Sed
1383 2472 1480 2535 scien·

180 2574 258 2636 dum
273 2582 323 2636 est
339 2574 424 2652 quod
440 2574 534 2635 modo
550 2572 679 2651 hyphen
690 2593 749 2651 pro
761 2571 963 2635 distinctione
975 2584 1122 2652 ponatur,
1135 2572 1240 2653 gravis
1251 2592 1309 2652 pro
1323 2571 1479 2652 superfluo

180 2672 341 2753 scriptoris
355 2672 496 2749 arbitrio,
513 2681 550 2734 ut
566 2691 661 2751 supra
675 2672 797 2734 dictum
813 2683 871 2735 est.
913 2672 1026 2736 Restat
1042 2672 1137 2752 igitur
1152 2682 1190 2734 ut
1205 2692 1243 2734 ex
1259 2671 1318 2734 illis
1333 2671 1480 2751 legitimis

179 2773 304 2835 duobus
315 2772 382 2835 iure
392 2772 539 2835 dictionis
549 2770 672 2850 positus
683 2772 807 2834 dicatur
818 2781 977 2834 accentus.
1018 2773 1102 2835 Scire
1113 2782 1221 2835 autem
1233 2772 1384 2835 debemus
1395 2771 1480 2851 quod

177 2872 301 2936 nullum
321 2871 490 2934 barbarum
509 2891 624 2933 nomen
643 2869 695 2934 vel
714 2871 846 2935 verbum
865 2870 993 2951 aliquod
1012 2872 1208 2952 peregrinum
1228 2892 1287 2935 nec
1305 2870 1493 2934 interiectio

180 2983 301 3036 certum
323 2982 473 3051 poterunt
495 2980 660 3033 accentum
683 2982 798 3034 tenere.
839 2973 925 3034 Nam
946 2973 980 3035 in
1002 2972 1172 3035 barbaricis
1193 2972 1373 3035 nominibus
1395 2969 1480 3033 nulla

180 3073 230 3136 sui
244 3072 366 3135 ratione
381 3083 465 3147 sunt,
481 3071 536 3134 sed
551 3070 637 3151 quali
651 3071 807 3148 volumus,
822 3091 898 3135 sane
913 3092 977 3135 non
991 3092 1112 3152 aspero,
1127 3072 1322 3152 proferamus
1337 3079 1480 3137 accentu.

181 3173 302 3236 Graeca
313 3182 421 3234 autem
434 3172 498 3233 suis
508 3171 691 3234 accentibus
702 3171 937 3250 pronuntianda
948 3192 1015 3235 esse
1026 3191 1202 3235 noscamus.
1309 3156 1316 3170 ’

222 3272 345 3352 Sergius
358 3272 397 3333 de
410 3290 475 3334 acc.
492 3268 534 3345 [in
548 3268 644 3346 Donl
657 3292 689 3351 p.
703 3272 773 3347 483,
788 3272 826 3333 35
842 3273 883 3333 Κ.

180 3374 376 3435 Accentuum
391 3381 499 3434 autem
515 3391 608 3449 saepe
622 3369 755 3450 dissipat
769 3371 869 3451 legem
884 3372 934 3433 vel
950 3371 1122 3448 distinctio,
1138 3381 1186 3448 ut,
1203 3392 1274 3434 cum
1290 3371 1404 3434 debeat
1420 3371 1483 3434 dici

180 3473 240 3534 sub
254 3471 383 3550 hyphen
398 3472 580 3546 molarum,
596 3470 678 3533 male
694 3471 764 3549 quis
779 3470 1000 3551 distinguendo
1015 3472 1102 3535 dicat
1117 3491 1265 3552 separans
1280 3473 1358 3535 mole
1372 3492 1483 3549 samu,-

181 3570 233 3633 vel
249 3571 476 3651 pronuntiatio,
494 3581 542 3645 ut,
561 3590 633 3632 cum
651 3570 752 3632 dicere
770 3571 940 3633 debeamus
962 3573 1097 3647 laeuas,
1120 3571 1250 3652 legendo
1268 3591 1392 3634 versum
1411 3573 1482 3650 quis

182 3672 270 3733 dicat

470 3769 644 3849 Impulerat
657 3769 739 3831 ferro
752 3769 911 3848 Argolicas
923 3770 1049 3835 foedare
1059 3770 1196 3833 latebras

180 3880 274 3933 acute
296 3870 483 3949 producens;
506 3869 557 3932 vel
579 3868 747 3932 necessitas
768 3870 933 3949 separandi
954 3870 1051 3933 verba
1075 3869 1198 3947 similia,
1220 3880 1267 3946 ut,
1285 3889 1357 3932 cum
1378 3869 1480 3934 dicere

182 3969 352 4032 debeamus
370 3976 459 4048 pene,
479 3978 517 4031 ut
535 3959 748 4048 paeneultirna
768 3968 886 4032 habeat
902 3979 1077 4046 accentum,
1096 3971 1170 4050 quia
1187 3970 1306 4032 nullum
1329 3968 1478 4033 Latinum

180 4069 314 4132 verbum
324 4070 416 4131 estin
425 4068 539 4131 ultima
549 4067 670 4148 syllaba
675 4067 795 4131 habens
807 4078 982 4145 accentum,
995 4071 1181 4133 necessitate
1191 4069 1289 4145 ducti,
1300 4089 1339 4130 ne
1348 4079 1480 4148 putetur

180 4168 295 4231 modus
312 4169 518 4248 imperativus
539 4169 582 4232 ab
603 4189 640 4232 eo
664 4170 749 4248 quod
770 4179 820 4232 est
840 4179 929 4248 pono,
954 4170 1096 4232 dicamus
1119 4176 1206 4249 porte,
1232 4178 1269 4231 ut
1291 4167 1477 4232 adverbium

180 4268 335 4349 significet
351 4266 423 4330 loci:
440 4267 490 4331 vel
507 4267 650 4331 similiter
662 4273 738 4348 ergo,
752 4278 790 4330 ut
800 4267 1000 4348 intellegatur
1017 4289 1075 4350 pro
1094 4289 1131 4332 eo
1149 4269 1233 4350 quod
1251 4278 1301 4331 est
1318 4287 1421 4346 causa,
1441 4279 1479 4332 ut

180 4367 215 4430 in
232 4366 366 4448 Vergilio
384 4366 476 4431 ‘illius
490 4388 563 4448 ergo
579 4368 744 4443 venimus,’
760 4368 793 4430 id
808 4378 857 4431 est
877 4367 968 4432 ‘illius
982 4388 1078 4432 causa
1088 4369 1253 4432 venimus'

223 4468 346 4547 Sergius
358 4468 398 4531 de
410 4487 476 4530 acc.
492 4463 536 4540 [in
548 4466 644 4543 Donl
658 4488 690 4547 p.
704 4469 773 4545 484,
790 4469 826 4530 12
841 4470 882 4530 Κ.

182 4568 320 4647 Hyphen
335 4576 384 4630 est
396 4577 483 4644 nota,
498 4587 580 4647 quae
593 4568 657 4630 duo
676 4568 774 4630 verba
793 4566 896 4648 iungit
907 4586 946 4630 ac
958 4567 1059 4631 nectit
1072 4568 1245 4648 supposita,
1259 4585 1341 4648 quae
1354 4568 1480 4631 ducitur

181 4687 202 4731 a
219 4668 435 4748 praecedentis
451 4668 540 4731 verbi
556 4667 618 4730 fine
635 4685 734 4747 usque
752 4669 794 4730 ad
810 4667 935 4731 initium
953 4669 1122 4748 sequentis,
1140 4677 1177 4731 ut
1193 4666 1389 4779 interrogea,
1407 4688 1479 4730 cum

181 4809 291 4862 tamen
315 4820 390 4862 usus
414 4801 558 4880 exegerit.
600 4799 743 4864 Diastole
767 4809 816 4862 est
840 4810 917 4863 nota
942 4800 1098 4863 contraria
1123 4801 1259 4880 hyphen.
1300 4802 1371 4863 Hac
1396 4801 1479 4863 enim

181 4899 296 4963 vitiose
316 4900 483 4962 coniuncta
503 4919 694 4979 separamus,
714 4911 747 4962 et
767 4900 895 4980 ponitur
914 4900 956 4963 ad
976 4901 1072 4962 imam
1092 4909 1215 4981 partem
1235 4900 1368 4978 litterae,
1389 4900 1481 4980 quasi
