3942 6130
460 805 534 864 tur
553 804 740 865 Tannrrrou
761 819 802 864 or
822 819 887 864 rna
907 803 1012 864 Luam
1032 804 1166 866 Accaus
1427 802 1467 865 47

207 1004 333 1067 Servius
344 1005 386 1067 ad
396 1004 475 1066 Aen.
488 1004 516 1080 1,
528 1005 576 1065 32.

164 1104 318 1166 Erradanl
332 1105 392 1166 acti
399 1104 479 1184 salis
492 1104 593 1166 maria
607 1104 710 1165 onnia
724 1101 847 1180 circam]
888 1104 927 1164 In
942 1103 1003 1165 fine
1018 1112 1182 1165 accentum
1196 1103 1343 1183 ponimus
1358 1112 1468 1165 contra

165 1223 285 1266 morem
300 1203 464 1279 Latinum;
482 1204 537 1265 sed
554 1202 713 1285 corruptio
730 1203 808 1266 haec
823 1202 914 1264 facit:
931 1222 1067 1282 namque
1083 1202 1275 1283 praepositio
1291 1203 1469 1284 postposita

165 1312 315 1385 corrupta
335 1313 383 1366 est
403 1302 471 1365 sine
489 1302 596 1365 dubio.

208 1402 333 1466 Servius
346 1404 388 1465 ad
401 1405 479 1465 Aen.
494 1403 522 1479 Ι,
534 1405 584 1465 41.

169 1503 272 1565 Unius
284 1503 319 1564 ab
330 1500 450 1579 naraon]
468 1504 508 1564 In
524 1502 594 1565 istis
606 1501 802 1565 sermonibus
818 1503 924 1579 urnas,
935 1502 1032 1578 illins,
1044 1502 1146 1580 ipsius
1162 1501 1349 1565 naturaliter
1364 1501 1469 1564 media

166 1602 350 1683 producitur
361 1601 494 1682 syllaba3
505 1603 561 1665 sed
572 1621 644 1664 cum
654 1621 733 1682 opus
743 1611 793 1665 est
803 1600 970 1682 corripitur
979 1601 1040 1664 hac
1050 1602 1260 1677 excusatione,
1278 1602 1374 1681 quod,
1392 1620 1469 1680 quo-

166 1701 250 1766 tiens
260 1701 401 1765 vocalem
414 1701 539 1781 longam
553 1700 671 1764 voeatis
682 1702 834 1781 sequitur,
847 1700 998 1782 superiori
1009 1701 1075 1764 vim
1088 1700 1237 1777 detrahit,
1244 1710 1282 1763 ut
1288 1710 1338 1765 est
1343 1702 1363 1763 I
1364 1700 1470 1763 nutriar
1524 1702 1527 1709 ’

166 1803 186 1864 I
187 1804 256 1864 anio
268 1804 304 1864 in
314 1822 423 1883 magna
435 1812 467 1864 et
479 1803 534 1864 snb
545 1802 607 1863 llio
620 1802 693 1875 ailo;
709 1810 742 1864 et
753 1801 795 1863 ob
807 1801 868 1863 hoc
877 1810 1007 1863 mutant
1018 1810 1196 1864 accentum:
1209 1801 1243 1863 in
1254 1800 1372 1863 Latino
1383 1800 1469 1864 enim

166 1922 308 1966 sermone
328 1921 399 1964 cum
419 1901 614 1982 paenultima
634 1900 810 1982 corripitur,
831 1899 1099 1981 antepaenultima
1119 1900 1216 1963 habet
1236 1910 1411 1977 accentum,
1432 1909 1470 1962 ut

167 2002 228 2064 hoc
248 2002 317 2064 loco
337 2002 432 2064 annis
453 2003 487 2064 ab
507 2021 628 2077 noxam,
650 2011 683 2064 et
703 2010 814 2063 contra
835 2002 972 2063 Navibus
992 2000 1154 2080 infandum
1176 2001 1297 2063 ona'ssis
1317 2004 1413 2062 annas
1434 2001 1469 2063 oi

166 2104 247 2164 iram
260 2102 433 2164 Prodimnr.

208 2201 333 2265 Servius
345 2203 387 2264 ad
400 2201 477 2265 Aen.
492 2202 520 2276 1,
537 2203 602 2263 100.

166 2302 337 2381 Sarpedon:
355 2302 410 2364 nbi
428 2309 469 2363 tal
486 2301 601 2364 Simois
618 2308 752 2379 correpta
770 2301 825 2362 sud
843 2298 947 2375 undis]
974 2300 1132 2378 Sarpedon
1150 2310 1183 2361 et
1207 2299 1241 2361 in
1260 2298 1373 2362 ultima
1398 2318 1470 2379 pos·

167 2421 275 2467 sumus
297 2411 462 2464 accentum
483 2419 599 2481 ponere
621 2400 710 2462 etin
730 2399 937 2480 paenultima:
961 2418 1033 2461 nam
1056 2401 1213 2461 Homerus
1235 2409 1268 2461 et
1283 2398 1469 2477 Sarpedonis

167 2501 339 2564 declinavit
358 2510 391 2563 et
408 2500 616 2579 Sarpedanlis,
636 2499 719 2561 unde
738 2509 770 2562 et
788 2500 896 2562 varius
914 2509 1062 2562 accentus
1080 2509 1142 2561 est:
1180 2498 1366 2577 Sarpedonis
1384 2497 1468 2561 enim

168 2598 223 2678 [in]
248 2600 517 2681 antepaenultima
540 2599 639 2662 habet
663 2608 837 2675 accentum,
862 2600 1059 2677 Sarpedontis
1084 2596 1137 2674 [in]
1161 2597 1367 2679 paenultima.
1409 2598 1469 2659 Sed

166 2701 364 2780 Sarpedonlis
377 2699 555 2780 usurpavit3
572 2698 724 2763 nattualis
735 2708 842 2761 autem
856 2698 1024 2761 declinatio
1037 2707 1085 2760 est
1100 2698 1258 2777 Sarpedon
1273 2697 1469 2777 Sarpedonis,

167 2810 205 2863 ut
216 2801 256 2862 M
256 2806 363 2863 tnrnon
373 2802 412 2862 M
413 2800 558 2875 annona,
568 2801 668 2862 Sinon
676 2800 817 2861 Sinonis:
831 2799 858 2861 si
870 2808 978 2861 autem
989 2798 1170 2878 genetivum
1181 2797 1215 2859 in
1225 2797 1325 2859 dantis
1337 2796 1469 2872 miserit,

167 2920 188 2962 a
205 2899 402 2962 circumflexo
418 2900 517 2975 venit,
535 2899 590 2978 qui
613 2908 661 2960 est
684 2897 717 2960 in
735 2897 847 2961 ultima
865 2897 985 2978 syllaba
1007 2897 1206 2973 nominativi,
1224 2906 1261 2960 ut
1277 2897 1469 2975 Dnnophdm

167 3000 404 3078 Demophontis:
428 2994 572 3075 [Laocdm
595 2996 784 3074 Laecanlisl:
825 2998 870 3060 sic
899 3019 972 3079 ergo
1002 3007 1034 3060 et
1062 2997 1226 3076 Sarpeda'rn
1253 2996 1467 3075 Sarpeda'mlis.

207 3100 323 3162 Simois
335 3119 448 3162 nomen
463 3097 524 3160 hoc
536 3099 693 3178 integrum
706 3099 747 3160 ad
760 3118 818 3160 nos
832 3097 969 3173 transiit,
983 3098 1066 3160 unde
1079 3117 1136 3159 suo
1149 3106 1198 3159 est
1216 3105 1349 3159 accentu
1367 3095 1470 3178 profe

168 3200 314 3262 rendum:
330 3218 403 3261 narn
422 3199 449 3260 si
465 3209 546 3261 esset
562 3197 723 3274 Latinum,
736 3199 769 3259 in
782 3197 1050 3278 antepaenultima
1063 3196 1194 3259 haberet
1205 3205 1381 3272 accentum,
1395 3194 1470 3274 quia

169 3300 307 3361 secunda
320 3318 339 3360 a
353 3299 414 3361 fine
427 3297 532 3361 brevis
545 3308 602 3360 est.

209 3397 335 3461 Servius
348 3399 390 3460 ad
404 3399 481 3460 Aen.
497 3398 523 3474 1,
541 3398 606 3459 tto.

166 3500 227 3562 Aa
252 3498 337 3560 arm
363 3506 405 3560 ar
418 3498 532 3576 flam
550 3494 670 3573 anan]
693 3497 808 3559 marm
828 3507 861 3559 et
886 3497 1012 3558 uanam
1031 3478 1125 3558 matr
1149 3494 1302 3557 dubitant
1327 3493 1384 3556 ubi
1403 3511 1469 3555 ase

168 3598 285 3660 debeat
296 3606 454 3674 accentus,
468 3597 542 3677 quia
553 3598 598 3660 idi
609 3607 642 3659 et
653 3596 706 3659 aii
717 3595 904 3659 naturaliter
914 3597 1024 3658 breves
1036 3605 1123 3671 sunt;
1136 3594 1191 3656 sed
1202 3592 1323 3656 ratione
1335 3593 1470 3655 finalita-

169 3697 212 3759 tis
231 3696 415 3778 plerumque
434 3698 624 3777 producunt¹
644 3697 677 3757 in
694 3716 786 3758 versu
814 3696 985 3759 nescientes
1012 3694 1094 3757 hanc
1121 3714 1187 3757 esse
1208 3693 1373 3770 rationem,
1396 3692 1470 3772 quia

168 3796 435 3877 pronuntiationis
450 3814 545 3859 causa
560 3805 670 3859 contra
685 3815 776 3858 usum
791 3795 940 3857 Latinum
956 3793 1084 3876 syllabis
1098 3793 1228 3870 ultimiS,
1245 3793 1359 3873 quibus
1372 3792 1471 3872 parti-

169 3896 258 3960 culae
271 3897 494 3976 adiunguntur,
509 3905 658 3959 accentus
672 3895 833 3958 tribuitur:
848 3904 886 3957 ut
900 3896 939 3956 M
939 3900 1061 3975 nsdqae,
1075 3895 1174 3971 illm,
1189 3894 1323 3969 haimon,
1338 3893 1382 3956 sic
1397 3911 1470 3971 ergo

171 4006 205 4059 et
216 3997 335 4059 ididan.
1344 4028 1350 4040 ·

210 4096 336 4158 Servius
349 4097 391 4158 ad
403 4098 482 4159 Aen.
498 4096 525 4171 I,
541 4096 607 4157 232.

168 4193 253 4275 Quid
267 4196 357 4257 Troes
371 4193 500 4274 poricere]
520 4196 609 4257 Troes
624 4195 684 4258 erit
704 4194 918 4256 nominativus
941 4194 1026 4269 Tros,
1041 4202 1074 4255 et
1095 4192 1173 4256 haec
1193 4191 1330 4254 breviter
1345 4190 1470 4253 scienda

169 4294 276 4375 regula
289 4304 349 4371 est;
364 4295 438 4374 quia
451 4295 557 4356 omnia
569 4294 653 4357 enim
666 4292 794 4356 nomina
806 4293 1023 4373 monosyllaba
1037 4293 1167 4369 Graeca,
1182 4309 1263 4371 quae
1274 4291 1309 4352 in
1319 4289 1470 4352 Latinum

169 4414 344 4458 sermonem
358 4403 532 4471 transeunt,
546 4394 658 4457 tertiae
671 4403 745 4455 sunt
757 4403 883 4456 tantum
896 4392 1115 4456 declinationis
1125 4402 1159 4454 et
1171 4399 1238 4453 tam
1249 4390 1364 4453 Latine
1375 4408 1471 4468 quam

171 4494 291 4557 Graece
305 4494 454 4557 declinari
467 4504 610 4574 possunt,
626 4503 663 4555 ut
679 4495 754 4555 Tris
771 4494 859 4555 Trois
874 4504 907 4555 et
923 4494 1028 4568 Troas,
1043 4494 1113 4554 Pan
1127 4492 1226 4554 Panis
1241 4500 1275 4554 et
1288 4491 1404 4565 Panos,
1420 4497 1470 4551 ut:

170 4594 315 4656 Arcadici
328 4595 440 4656 dicium
453 4597 560 4656 Panos
574 4595 610 4655 de
623 4614 703 4656 more
715 4594 835 4671 Lycaei.

212 4693 338 4756 Servius
351 4694 392 4756 ad
405 4696 482 4756 Aen.
498 4694 526 4770 I,
539 4695 608 4755 384.
912 4748 918 4759 ,

170 4793 244 4872 Ipse
256 4794 377 4874 ignatus
390 4814 476 4873 egens
488 4794 601 4872 Libyae
614 4794 728 4855 &serta
741 4789 875 4872 peragro]
889 4802 941 4871 par
954 4790 1052 4853 habet
1065 4800 1242 4864 accentum;
1256 4808 1331 4850 nam
1345 4808 1365 4849 a
1377 4786 1472 4866 longa

213 4942 222 4974 ¹
233 4941 280 4993 See
290 4941 391 4994 Schoell
401 4959 426 5008 p.
441 4943 496 5006 136,
507 4942 567 4993 adn.
578 4944 603 4993 2.
