3942 6130
464 793 539 852 Tnn
559 793 745 855 Tnamrrorv
767 808 808 853 or
828 808 893 852 rna
914 792 1018 852 Lanu
1038 793 1172 854 Accaus
1429 794 1466 854 85

167 992 227 1067 nis,
245 993 266 1053 i.
285 992 490 1071 separationis
507 992 677 1054 divisionis.
720 993 813 1068 Pone,
831 992 852 1053 i.
870 993 969 1069 iuxta,
987 992 1020 1053 in
1038 1012 1101 1071 quo
1119 1003 1262 1055 mutatur
1273 1003 1306 1055 et
1318 1003 1467 1055 accentus

167 1103 199 1153 et
217 1093 312 1154 locus.
353 1094 442 1171 Ergo,
460 1102 496 1154 ut
513 1092 641 1171 quidam
659 1091 779 1168 volunt,
797 1111 924 1154 causam
941 1091 1104 1171 significat,
1123 1102 1159 1155 ut
1177 1094 1258 1172 ‘ergo
1274 1093 1356 1155 illius
1372 1094 1466 1170 veni’,

167 1193 187 1253 i.
206 1210 342 1254 causas.
360 1192 453 1268 illius,
471 1211 490 1253 a
507 1192 643 1268 nomine,
662 1192 747 1270 quod
763 1191 887 1271 antiqui
905 1192 1065 1254 habebant
1085 1193 1201 1272 ‘ergum
1217 1194 1303 1273 ergi',
1321 1193 1342 1254 i.
1361 1212 1465 1270 causa,

167 1293 254 1353 cuius
269 1291 430 1353 ablati'vus
446 1291 478 1353 in
496 1312 554 1354 usu
572 1291 722 1354 remansit
738 1292 824 1371 apud
840 1310 898 1354 nos
914 1302 946 1354 et
962 1293 995 1353 in
1012 1291 1073 1353 fine
1090 1292 1352 1355 circumflectitur.
1395 1292 1466 1370 Sed,

168 1401 203 1453 ut
232 1391 353 1470 Sergius
381 1392 467 1468 dicit,
496 1391 606 1454 melius
634 1391 787 1471 signifieat
816 1392 973 1472 ‘propter'.
1016 1392 1066 1455 Sic
1092 1392 1177 1454 enim
1205 1391 1344 1455 resolvit:
1373 1393 1466 1471 ‘Ergo

63 1500 66 1505 “
167 1491 248 1552 illius
269 1492 361 1567 veni’,
382 1493 402 1553 i.
424 1501 553 1571 propter
572 1491 670 1553 illum.

207 1592 331 1652 Comm.
356 1591 485 1653 Einsidl.
510 1591 542 1652 in
560 1593 658 1652 Don:
675 1591 793 1653 Anecd.
814 1590 939 1653 Helvet.
956 1612 989 1672 p.
1013 1593 1081 1667 229,
1101 1594 1138 1652 19
1155 1592 1197 1653 H.
1240 1591 1290 1654 Cf.
1309 1593 1393 1653 Don.
1410 1611 1464 1671 pp.

167 1689 223 1751 371
241 1690 306 1752 and
323 1689 380 1752 372
399 1691 440 1752 K.

207 1792 267 1851 Per
283 1790 443 1871 obliquum,
463 1812 487 1851 s.
504 1792 564 1852 iter
580 1790 600 1851 i.
619 1800 808 1852 tortuosum.
850 1791 1031 1866 ascendens,
1048 1792 1124 1853 iens.
1167 1792 1195 1852 Α
1220 1810 1347 1867 summe,
1373 1792 1393 1853 i.
1422 1791 1466 1854 ab

166 1889 242 1951 alt0.
272 1891 469 1967 Descendens,
498 1890 517 1951 i.
545 1910 646 1952 ruens.
699 1892 804 1969 Longo
828 1891 919 1966 liaeo,
951 1911 975 1953 s.
1005 1902 1153 1953 accentus
1182 1902 1239 1953 est.
1292 1891 1466 1972 Aequaliter
1524 1963 1526 1967 y

166 1991 264 2066 duem,
289 1991 384 2067 ita-,
411 1991 450 2052 de
477 2008 541 2069 qua
566 1990 704 2068 syllabae
730 1990 794 2051 duo
824 1980 968 2069 tempora
998 1990 1150 2053 habentes
1181 1991 1393 2071 designantur,
1430 2001 1465 2054 ut
1506 2036 1509 2039 -

166 2090 198 2151 in
223 2089 473 2169 pedibussupra
498 2090 701 2152 dictumest.
748 2090 853 2151 Breuis
870 2090 994 2169 uirgrdo,
1019 2111 1044 2152 s.
1062 2101 1211 2153 accentus
1234 2100 1293 2152 est.
1345 2091 1464 2169 Pande,

167 2208 263 2252 curva
280 2189 404 2252 obunoa
421 2189 582 2252 inclinata.
624 2190 819 2266 Contractior,
837 2190 858 2251 i.
877 2189 1000 2253 brevior
1017 2191 1063 2253 ita
1080 2214 1128 2253 υ.
1170 2192 1238 2253 Ista
1255 2191 1338 2252 enirn
1362 2190 1466 2253 brevis

166 2290 287 2369 virgula
300 2291 423 2352 nonita
437 2289 574 2351 rotunda
586 2299 645 2365 est,
661 2299 696 2351 ut
710 2289 929 2367 semicirculus,
944 2289 998 2352 sed
1012 2290 1133 2369 virgula
1146 2300 1194 2352 est
1207 2291 1348 2370 superius
1358 2309 1464 2369 curva,

110 2388 115 2395 '
167 2409 230 2468 qua
252 2389 355 2452 brevis
376 2389 497 2468 syllaba
520 2409 617 2451 unum
640 2399 764 2468 tempus
786 2389 905 2451 habens
927 2390 1112 2452 ostenditur.
1155 2390 1213 2452 Isti
1234 2410 1307 2469 ergo
1330 2390 1393 2451 duo
1414 2408 1466 2452 ac-

166 2499 286 2566 centus,
310 2489 420 2568 longus
441 2500 474 2552 et
496 2489 609 2577 brevis,
632 2488 666 2550 in
688 2489 863 2551 ostensione
885 2499 1063 2568 temporum
1085 2499 1306 2570 supponuntur
1327 2489 1465 2568 syllabis.

167 2591 271 2668 Hysen
283 2589 408 2669 virgula,
423 2611 447 2651 s.
462 2608 571 2669 parva.
612 2588 761 2666 Subiecta,
775 2589 795 2650 i.
811 2589 974 2669 supposita
988 2588 1151 2652 submissa.
1197 2590 1315 2665 Versui,
1331 2590 1350 2652 i.
1364 2599 1466 2652 metro

165 2689 216 2751 vel
237 2708 357 2768 prosae.
399 2691 467 2751 Hor
489 2698 568 2765 noto,
592 2689 611 2750 i.
634 2688 743 2768 figura.
784 2689 999 2768 Subterposito,
1020 2689 1042 2751 i.
1064 2688 1205 2751 subiecta
1226 2689 1339 2752 subtus
1360 2690 1464 2752 missa.

164 2789 278 2868 Exigit,
302 2789 323 2851 i.
347 2789 476 2867 requirit
500 2789 667 2868 compellit.
709 2783 899 2866 Anuvelons,
923 2790 943 2850 i.
967 2807 1177 2868 praecurrens.
1219 2791 1257 2851 In
1280 2789 1349 2851 istis
1371 2790 1467 2869 igitur

165 2888 269 2951 verbis
285 2907 325 2950 ne
342 2897 424 2950 erret
439 2908 518 2968 puer
533 2888 677 2968 putando
694 2888 774 2950 duas
789 2908 855 2950 esse
872 2898 988 2967 partes,
1006 2888 1119 2951 subtus
1134 2889 1263 2968 ponitur
1279 2888 1376 2968 hylen
1392 2908 1466 2950 con-

165 2988 295 3067 iungens
317 2989 380 3051 duo
403 2989 433 3050 in
458 3008 565 3049 unum.
609 2989 667 3049 Est
688 2997 797 3050 autem
820 2988 974 3051 Graecum
996 3008 1120 3065 nomen,
1143 2989 1255 3051 Latine
1278 2998 1370 3051 sonat
1393 3008 1466 3050 con-

164 3087 293 3150 iunctio.
337 3088 507 3168 Coniungit
529 3088 613 3150 eninr
635 3087 716 3149 male
739 3098 883 3167 separata
905 3098 938 3150 et
960 3088 1186 3168 interpretatur
1208 3089 1372 3168 supposita
1394 3107 1466 3150 con-

164 3188 294 3250 iunctio,
337 3188 480 3264 Dimtole,
502 3209 526 3250 s.
546 3197 695 3249 accentus
714 3187 870 3249 dissimilis
890 3187 997 3267 hyien,
1018 3188 1101 3267 quia,
1123 3188 1204 3250 sicut
1224 3188 1274 3250 ille
1295 3188 1465 3268 coniungit,

163 3287 211 3349 ita
231 3288 289 3350 iste
310 3297 445 3367 separat.
487 3288 614 3366 Proprie
632 3297 741 3349 autem
762 3284 894 3349 diastole
913 3297 961 3349 est
981 3288 1253 3350 intercolumnium
1273 3289 1293 3349 i.
1315 3297 1464 3367 spatium,

165 3387 251 3466 quod
266 3387 302 3449 fit
316 3388 399 3450 inter
413 3387 582 3449 columnas.
621 3387 726 3450 ‘Stole'
741 3388 824 3448 enim
835 3387 950 3449 dicitur
960 3388 1114 3464 columna,
1126 3388 1198 3450 inde
1209 3387 1340 3450 diastole
1351 3388 1467 3451 dicitur

163 3488 342 3562 disiunctio,
367 3507 404 3549 eo
428 3487 513 3566 quod
537 3486 618 3549 male
642 3487 809 3549 coniuncta
833 3486 1000 3567 disiungat.
1048 3489 1099 3549 Ad
1122 3489 1226 3563 mmm,
1249 3488 1271 3548 i.
1295 3488 1337 3550 ad
1361 3487 1465 3550 finem.

165 3587 396 3663 Discernuntur,
411 3588 431 3648 i.
446 3596 639 3665 separantur.
681 3587 889 3664 Cohaerentio,
901 3586 922 3648 i.
936 3587 1166 3666 coniungentia,
1180 3596 1217 3649 ut
1231 3587 1367 3666 ‘virginis
1379 3588 1447 3649 iro'.

165 3687 375 3766 Apostrophus
406 3687 486 3748 item.
529 3687 673 3764 Congrue
705 3686 784 3749 dixit
818 3687 924 3762 ‘item',
959 3688 1107 3766 quoniam
1139 3687 1301 3767 praedicta
1323 3687 1466 3749 iteratur

164 3774 274 3865 figura,
300 3787 353 3849 sed
377 3786 464 3848 aliud
488 3805 583 3866 supra
606 3797 639 3848 et
663 3785 750 3849 aliud
773 3787 839 3866 agit
863 3785 954 3848 infra.
997 3787 1215 3867 Apostrophus
1238 3786 1322 3848 enim
1348 3786 1465 3849 Graece

164 3887 325 3948 conversio
347 3886 513 3948 locutionis
536 3886 651 3948 dicitur
672 3887 795 3962 Latine,
818 3886 890 3948 inde
912 3887 1122 3966 apostrophus
1144 3905 1164 3947 a
1187 3887 1386 3949 conversione
1410 3908 1466 3949 vo·
1565 3960 1570 3971 ⁸

165 3996 265 4061 catur,
290 3986 364 4065 quia
388 3996 612 4049 consonantem
635 3986 790 4063 dictionis,
815 3986 902 4051 cuius
926 3987 1042 4048 vooalis
1065 3985 1216 4061 aufertur,
1241 3987 1396 4049 convertit
1419 3987 1462 4049 ad

163 4086 392 4165 praecedentia.
435 4087 525 4149 Unde
549 4086 626 4148 haec
648 4086 747 4165 figura
771 4086 849 4149 bene
873 4089 1055 4150 conversiva
1078 4087 1127 4148 vel
1151 4088 1307 4149 reversiva
1330 4088 1395 4149 sive
1419 4107 1465 4149 re-

163 4187 301 4265 gressiva
320 4186 443 4249 dicitur.
486 4185 646 4248 Differunt
663 4197 772 4248 autem
789 4188 872 4249 inter
889 4207 921 4249 se
939 4186 1149 4266 apostrophus
1166 4196 1200 4248 et
1218 4186 1359 4262 diastole,
1379 4186 1464 4265 quod

163 4286 295 4348 diastole
307 4286 349 4348 ad
361 4287 593 4349 extremitatem
603 4287 733 4365 ponitur
744 4286 876 4362 litterae,
889 4286 1098 4367 apostrophus
1109 4306 1183 4348 vero
1194 4287 1236 4348 ad
1249 4287 1465 4348 summitatem

164 4395 201 4447 ut
222 4387 347 4447 tanton'
366 4406 424 4465 pro
444 4396 575 4448 tantone
595 4395 628 4448 et
649 4387 753 4448 viden'
773 4406 830 4466 pro
851 4387 988 4461 videsne,
1007 4386 1115 4448 audin’
1135 4405 1192 4465 pro
1211 4387 1352 4448 audisne.
1394 4386 1464 4447 Hoc

162 4496 272 4547 autem
296 4485 333 4546 fit
357 4504 452 4548 musa
476 4487 578 4561 metri,
602 4487 634 4547 in
658 4505 751 4565 prosa
776 4506 850 4548 vero
872 4487 914 4548 ad
938 4487 1104 4565 pristinam
1127 4486 1295 4547 revertitur
1318 4485 1462 4546 formam.

163 4587 310 4662 Ceterum,
330 4605 387 4665 pro
406 4585 471 4647 sed.
513 4586 636 4661 Addita,
655 4586 806 4648 adiuncta
825 4607 849 4648 s.
868 4606 925 4664 per
943 4586 1065 4661 dasian;
1084 4586 1126 4647 uel
1143 4585 1282 4661 detracto,
1301 4584 1463 4647 subtracta

162 4705 219 4765 per
248 4685 335 4747 silen.
379 4686 519 4747 ‘Dasian'
548 4686 775 4764 interpretatur
803 4686 959 4765 pinguedo
989 4685 1039 4747 vel
1066 4686 1217 4764 aspiratio
1246 4685 1311 4747 sive
1341 4684 1465 4746 uberior

163 4804 259 4848 sonus
280 4793 313 4846 et
336 4784 450 4846 dicitur
470 4804 490 4846 a
512 4785 631 4860 dando;
654 4785 750 4848 ‘silen'
772 4786 896 4848 siccitas
917 4785 982 4846 sive
1004 4803 1119 4865 purum
1140 4785 1366 4863 interpretatur
1386 4794 1419 4846 et
1440 4802 1459 4845 a

163 4884 282 4947 silendo
303 4884 427 4946 dicitur.
