3942 6130
537 762 578 822 60
997 761 1104 839 eras
1124 760 1156 822 S.
1178 760 1376 822 Mchroar

457 968 463 976 '
538 981 576 1022 ex
589 959 707 1021 aflectu
719 958 817 1020 animi
831 970 1014 1033 nascuntur,
1027 971 1177 1020 accentus
1188 958 1304 1021 habere
1318 979 1381 1020 non
1394 972 1538 1038 possunt,
1551 961 1624 1022 lrars
1637 960 1843 1021 iren—Nulli

537 1062 611 1122 certi
624 1067 708 1121 sunt:
725 1070 874 1121 accentus
890 1057 988 1139 legem
1005 1058 1083 1121 dicit
1102 1058 1361 1137 pronuntiatione
1376 1070 1569 1138 corruptam,
1586 1059 1661 1139 quia
1681 1058 1842 1139 disyllaba

539 1160 636 1222 verba
658 1158 708 1221 vel
732 1158 871 1233 nomina,
894 1177 976 1237 quae
997 1167 1124 1221 constat
1146 1158 1180 1219 in
1202 1158 1305 1238 prima
1328 1157 1449 1237 syllaba
1471 1158 1587 1221 habere
1609 1170 1777 1222 accentum
1801 1156 1842 1234 [si

539 1256 684 1335 tenoresl,
697 1259 731 1320 in
745 1257 1002 1338 pronuntiatione
1015 1270 1164 1321 accentus
1177 1259 1219 1320 ad
1233 1257 1378 1320 ultimam
1393 1259 1598 1333 transierint,
1613 1277 1695 1337 quae
1709 1259 1841 1339 quidem

539 1380 603 1422 non
617 1359 744 1421 videtur
757 1378 826 1421 esse
841 1357 963 1434 ultima,
979 1359 1054 1437 quia
1067 1358 1128 1422 hac
1142 1357 1362 1421 coniunctione
1375 1357 1524 1438 impletur
1544 1358 1842 1439 periodos—Saepe
1950 1374 1951 1377 ’

538 1461 704 1521 conturbat:
726 1458 959 1520 meminerimus
978 1470 1015 1521 ut
1041 1458 1161 1521 Graeca
1181 1458 1278 1520 verba
1304 1457 1431 1520 Graecis
1449 1457 1631 1521 accentibus
1655 1459 1842 1537 pronuntie

539 1579 619 1635 mus,
638 1578 720 1638 quae
737 1558 834 1620 verba
851 1558 885 1619 in
902 1557 1022 1620 ultimis
1039 1558 1168 1637 syllabis
1184 1568 1334 1620 accentus
1350 1557 1481 1633 habent,
1499 1577 1581 1637 quae
1597 1558 1705 1620 latini
1722 1559 1841 1622 babere

539 1679 603 1721 non
615 1669 758 1738 possunt,
772 1654 1258 1731 utDiddNutslinhisultimae
1270 1656 1839 1734 habentcircumflexumaccentuml.
1950 1692 1951 1737 3

537 1760 656 1820 -Nisi
669 1759 858 1820 discretionis
872 1777 979 1819 causa:
993 1768 1070 1820 tunc
1084 1758 1118 1819 in
1133 1757 1256 1820 latinis
1268 1756 1543 1820 verbisinultima
1555 1756 1676 1837 syllaba
1687 1768 1841 1821 accentus
1950 1746 1951 1783 ³

538 1858 708 1934 invenitur,
721 1856 867 1937 quotiens
887 1858 982 1920 tuerit
997 1858 1143 1920 discretio
1156 1858 1323 1921 verborum
1340 1858 1525 1937 separanda,
1543 1869 1579 1920 ut
1596 1878 1662 1939 ergo
1684 1854 1732 1931 [ut
1748 1868 1840 1937 pone,
1950 1860 1951 1903 l

539 1959 609 2022 ideo
622 1979 662 2021 ne
676 1958 808 2020 verbum
824 1967 955 2036 putetur
970 1958 1150 2037 imperativi
1164 1955 1270 2033 modii,
1285 1977 1325 2019 ne
1338 1957 1518 2019 coniunctio
1531 1957 1741 2037 intellegatur,
1755 1977 1841 2037 quae

538 2078 630 2120 ceusu
654 2057 820 2137 significat,
844 2066 882 2119 ut
904 2056 1017 2119 ultima
1040 2058 1243 2136 producetur,
1266 2057 1300 2118 in
1324 2056 1437 2120 ultima
1460 2057 1692 2120 circumflexum
1715 2057 1840 2138 recipit.
1950 2102 1951 2113 2

538 2160 670 2235 Acutus,
693 2157 807 2237 gravis,
831 2157 1055 2233 circumflexus,
1085 2157 1200 2234 brevis,
1229 2161 1310 2234 suti,
1339 2159 1585 2234 durmin-Ne
1613 2157 1738 2219 dicetur
1766 2161 1841 2233 ten

540 2258 696 2337 ‘conspicit
720 2257 987 2321 «ΜΒ-Δασέα
1014 2262 1099 2334 dubl:
1128 2265 1233 2322 δασεῖα
1256 2257 1443 2337 adspiratio,
1466 2262 1540 2334 ψιλή
1564 2257 1700 2320 siccitas.
1748 2258 1841 2320 Haec

538 2358 628 2438 signa
640 2357 727 2437 apud
741 2356 887 2419 Graecos.

579 2456 750 2519 Cledonius
762 2477 794 2536 p.
809 2457 858 2532 64,
874 2458 912 2517 26
926 2457 967 2517 K.

538 2557 653 2619 Omnia
666 2556 827 2631 adverbia,
840 2575 921 2634 quae
934 2556 976 2619 ab
988 2555 1252 2635 appellationibus
1264 2555 1458 2618 descendunt
1471 2567 1505 2618 et
1518 2577 1534 2618 e
1546 2556 1652 2619 littera
1665 2557 1840 2618 terminan-

539 2668 601 2732 tur,
618 2657 773 2736 producto
788 2667 921 2718 accentu
937 2655 1171 2736 pronuntianda
1188 2666 1273 2731 sunt,
1290 2667 1328 2718 ut
1343 2656 1441 2734 prime
1455 2656 1536 2718 docte
1551 2665 1585 2718 et
1601 2667 1713 2718 cetera.
1756 2657 1840 2719 Sane

538 2757 600 2818 ista
611 2757 672 2819 tria
683 2755 887 2835 corripienda,
898 2756 1186 2836 immolemugnu
1195 2755 1341 2818 anomala
1352 2755 1558 2836 reperiuntur.

580 2855 751 2919 Cledonius
762 2875 795 2935 p.
809 2855 859 2931 68,
873 2856 911 2916 33
926 2857 967 2917 K.

539 2957 634 3018 Pone:
653 2966 784 3018 accentu
802 2954 1003 3031 discemitur,
1016 2964 1053 3017 ut
1071 2965 1199 3034 propter
1216 2954 1434 3018 discretionem
1449 2965 1560 3017 oontra
1574 2953 1711 3034 regulam
1726 2953 1840 3017 ultima

538 3065 705 3119 accentum
716 3054 861 3135 accipiat.

579 3155 750 3218 Cledonius
762 3176 794 3235 p.
808 3156 858 3229 69,
873 3153 910 3215 27
925 3156 967 3216 K.
1504 3220 1511 3240 ⁸

542 3256 583 3316 Ut
598 3265 687 3334 poue:
702 3262 746 3332 ut,
762 3254 796 3318 id
810 3264 859 3317 est
878 3256 1135 3334 mumodmodum,
1150 3254 1381 3318 mcumflexum
1401 3254 1498 3317 habet
1519 3264 1695 3331 accentum,
1711 3261 1746 3316 ut
1765 3274 1841 3317 oon·
1949 3264 1950 3327 ᾗ

537 3355 656 3418 iunctio
674 3365 812 3418 acutum.
855 3354 905 3416 Sic
916 3363 949 3417 et
963 3364 1049 3433 pone,
1068 3355 1094 3416 si
1111 3364 1186 3416 retro
1204 3354 1370 3433 significat,
1388 3354 1632 3429 circumflexum
1650 3353 1677 3415 si
1693 3353 1859 3429 verbum,
1949 3344 1950 3391 ἱ

538 3465 677 3517 acutum.
718 3457 768 3516 Ne
794 3454 1026 3517 circumflexum
1051 3454 1236 3517 adverbium
1262 3464 1324 3529 est;
1351 3460 1389 3515 nt
1415 3464 1510 3516 acuto
1537 3453 1664 3533 quando
1692 3453 1838 3528 dicimus,

538 3554 716 3617 coniunctio
728 3566 786 3617 est.
828 3554 927 3616 Sensu
938 3575 1013 3616 vero
1025 3553 1230 3617 discernimus
1242 3562 1310 3615 onte
1321 3564 1354 3617 et
1366 3564 1479 3616 cetera.

579 3652 750 3717 Cledonius
761 3674 793 3733 p.
808 3655 857 3730 69,
872 3656 907 3715 31
924 3656 966 3716 K.

539 3753 727 3832 Praepositio
754 3754 917 3832 separatim
945 3753 1108 3815 advmbim
1132 3752 1289 3815 adverbiis
1315 3753 1563 3833 praepositiones
1594 3762 1713 3833 putant
1740 3751 1839 3831 aliqui

537 3853 666 3915 omnino
682 3853 757 3915 addi
773 3872 837 3914 non
853 3863 1006 3933 oportere,
1024 3872 1095 3915 cum
1112 3853 1270 3915 interdum
1287 3862 1416 3932 propter
1432 3872 1525 3914 sonos
1541 3852 1628 3932 iungi
1643 3872 1770 3914 necesse
1786 3853 1839 3926 sit,

539 3963 575 4014 ut
588 3953 675 4032 apud
687 3953 870 4015 Terentium
1418 3939 1422 3945 ’

811 4053 930 4115 interea
943 4051 1054 4115 mulier
1067 4052 1223 4131 quaedam
1236 4052 1278 4113 ab
1291 4052 1365 4115 hinc
1382 4051 1563 4127 triennium,

537 4162 570 4213 et
587 4151 741 4231 Vergilius
759 4151 871 4215 ‘Siculo
887 4152 1047 4232 prospexit
1064 4151 1105 4214 ab
1123 4171 1221 4230 usque
1239 4151 1408 4230 Pachyno'.
1451 4151 1511 4214 Sed
1527 4150 1589 4213 hoc
1604 4151 1837 4213 observandum

537 4251 708 4313 secundum
727 4262 829 4315 certos
846 4272 949 4327 sonos,
969 4272 1048 4331 quos
1065 4262 1178 4331 poetae
1196 4260 1389 4330 usurparunt
1407 4248 1663 4330 [praepositiones
1681 4250 1756 4313 addi
1774 4271 1838 4312 non

537 4338 886 4430 oportere].-Quumois
903 4351 1061 4429 legerimus
1077 4352 1113 4412 de
1130 4372 1262 4428 sursum,
1279 4353 1315 4413 de
1332 4351 1442 4431 {abitu
1460 4351 1584 4413 exinde
1601 4359 1628 4412 et
1646 4352 1682 4413 ab
1699 4370 1795 4430 usque
1811 4357 1838 4411 d

537 4452 573 4512 de
594 4451 672 4512 hinc.
714 4452 774 4514 Sed
795 4452 864 4513 haec
885 4460 1036 4531 tonsquum
1053 4471 1148 4512 unum
1168 4458 1283 4530 purtem
1304 4452 1451 4513 orationis
1471 4451 1526 4513 sub
1546 4470 1609 4512 uuo
1629 4457 1753 4512 ascmtu
1770 4460 1837 4529 pro-
1870 4456 1873 4461 ’

538 4552 759 4614 nuntiabimus:
779 4552 900 4614 ‘deinde
918 4551 994 4613 satis
1012 4551 1142 4612 fluvium
1159 4550 1301 4613 inducit’.
1342 4551 1459 4612 Deinde
1475 4560 1508 4613 et
1527 4550 1686 4613 desursum
1702 4558 1736 4612 et
1752 4550 1837 4612 dans·

537 4651 596 4712 lito
626 4670 690 4712 non
717 4660 791 4713 sunt
821 4651 902 4714 duae
928 4660 1034 4730 partes
1060 4650 1222 4725 orationis,
1246 4652 1301 4713 sed
1328 4670 1390 4712 una
1417 4650 1602 4729 composita.
1645 4649 1677 4712 si
1703 4649 1837 4722 dividas,
1947 4672 1948 4675 ¹

537 4750 729 4829 praepositio
748 4760 806 4826 est,
824 4771 941 4812 conexa
961 4751 1147 4812 adverbium
1166 4750 1253 4812 facit.
1296 4751 1371 4812 Ideo
1387 4750 1614 4830 praeiudicium
1628 4770 1694 4811 non
1704 4748 1836 4821 iaciunt,

536 4850 611 4929 quia
628 4869 692 4912 uno
709 4861 842 4912 accentu
858 4850 1116 4929 pronuntiantur,
1130 4862 1293 4929 tamquam
1312 4850 1452 4929 singulae
1468 4859 1576 4929 partes
1592 4849 1757 4919 orationis,
1775 4869 1835 4911 non

539 4960 702 5027 tamquam
717 4950 847 5011 divisae.
