3942 6130
452 816 528 877 Tan
546 817 733 877 hammon
754 832 795 876 or
815 830 881 876 aaa
900 815 1004 876 Lnrnr
1026 816 1159 876 Accnnr
1421 815 1459 875 45

156 1025 309 1096 quuntur,
322 1015 444 1079 faciunt
457 1025 604 1079 accentus
616 1016 649 1077 in
662 1015 781 1079 ultimis
794 1015 921 1095 syllabis
933 1014 1127 1093 superiorum
1140 1034 1206 1078 esse
1219 1033 1409 1090 sermonum,
1423 1023 1460 1076 ut

156 1118 197 1179 M
196 1123 310 1196 suaque
320 1116 455 1180 Musam
466 1116 594 1181 Moror
605 1115 722 1178 illlrtsce
733 1116 865 1178 huiusce.

197 1217 255 1279 See
268 1216 366 1279 Varro
380 1215 481 1278 above
498 1212 542 1295 (p.
558 1216 626 1290 218,
640 1218 659 1277 8
672 1212 779 1291 G·S.).

199 1315 324 1379 Servius
337 1314 363 1379 c.
377 1316 412 1376 in
426 1317 509 1377 Don.
523 1335 556 1395 p.
570 1314 640 1389 427,
657 1316 694 1377 10
708 1316 749 1376 K.

157 1415 278 1479 Graeca
302 1415 398 1477 verba
423 1425 500 1477 tunc
525 1415 652 1478 Graecis
675 1414 856 1477 accentibus
886 1413 1081 1493 proferimus,
1112 1433 1184 1476 cum
1215 1414 1335 1476 Graeca
1365 1412 1459 1476 luerit

155 1515 333 1578 declinatio.
375 1516 408 1576 H
408 1535 441 1577 os
452 1516 585 1577 Arcades
597 1514 746 1594 quoniam
758 1514 873 1576 Latina
886 1513 1053 1577 declinatio
1064 1523 1124 1590 est,
1136 1514 1220 1593 prior
1233 1512 1353 1594 syllaba
1364 1501 1463 1576 habess

157 1615 206 1677 bit
227 1624 402 1692 accentum,
425 1615 457 1676 id
479 1623 528 1677 est
551 1614 644 1678 tertia
665 1633 685 1676 a
706 1615 780 1691 fine;
802 1616 930 1694 quando
951 1623 1058 1676 autem
1081 1614 1214 1676 dicimus
1235 1614 1287 1675 hos
1310 1613 1457 1690 Arcados,

155 1714 270 1789 inedia,
289 1714 440 1794 quoniam
459 1714 627 1777 declinatio
646 1714 766 1777 Graeca
784 1724 842 1776 est.

199 1815 332 1893 ‘Itaque’
356 1832 430 1893 pars
452 1814 603 1877 orationis
626 1814 787 1894 quaeritur
812 1822 917 1875 utrum
941 1823 1084 1892 correpta
1107 1813 1210 1875 media
1234 1831 1275 1874 an
1305 1813 1458 1891 producta

155 1914 219 1977 dici
236 1913 359 1977 debeat.
402 1913 485 1977 Scire
502 1912 652 1977 debemus
670 1914 820 1993 quoniam
839 1925 915 1977 tunc
933 1913 1105 1992 corripitur
1116 1912 1230 1987 media,
1250 1909 1368 1987 [idest]
1386 1932 1457 1974 cum

157 2032 307 2093 unapars
319 2012 414 2076 fuerit
425 2013 589 2090 orationis,
603 2024 678 2075 tunc
690 2033 765 2076 vero
777 2013 970 2093 producitur,
983 2033 1055 2075 cum
1068 2014 1158 2075 duae.
1199 2013 1270 2074 Hoc
1282 2011 1458 2092 intellegere
1524 2074 1527 2079 ,

155 2134 193 2176 ex
210 2113 438 2177 elocutionibus
453 2133 627 2194 possumus.
669 2115 753 2177 Nam
770 2113 851 2192 siqui
867 2113 953 2176 dicat
971 2114 1087 2192 ‘itaque
1103 2112 1198 2188 lecit,'
1218 2113 1334 2192 ‘itaque
1357 2112 1457 2189 dixit,'

156 2233 214 2293 pro
230 2212 353 2275 duabus
369 2223 427 2289 est,
444 2232 502 2278 nec
517 2214 550 2275 in
566 2213 672 2293 aliqua
685 2213 860 2277 elocutione
876 2221 982 2292 potest
998 2232 1063 2275 esse
1080 2232 1137 2291 pro
1154 2212 1287 2277 duabus.
1301 2213 1359 2274 nisi
1372 2212 1404 2273 in
1420 2232 1457 2275 ea

157 2313 210 2375 ubi
226 2332 283 2393 pro
298 2312 432 2394 simplici
446 2314 585 2391 ponitur.
849 2368 854 2381 ,

199 2412 323 2475 Servius
336 2433 363 2476 c.
377 2413 410 2474 in
424 2415 509 2476 Don.
523 2433 554 2492 p.
568 2414 638 2489 444,
655 2414 690 2474 12
705 2415 747 2475 K.

157 2512 211 2574 Fit
238 2522 347 2575 autem
376 2512 590 2575 barbarismus
618 2511 832 2592 principaliter
861 2512 963 2574 modis
990 2511 1124 2587 duobus,
1143 2512 1402 2591 pronuntiatione
1423 2523 1457 2574 et

157 2611 287 2693 scripto:
302 2613 567 2692 pronuntiatione,
583 2612 611 2675 si
624 2622 682 2674 aut
695 2612 881 2675 naturaliter
896 2612 1004 2692 longas
1019 2610 1156 2691 syllabas
1170 2611 1307 2674 breviter
1321 2611 1457 2692 profera-

157 2731 238 2788 mus,
255 2721 292 2774 ut
307 2713 445 2788 Romam,
456 2722 514 2774 aut
530 2713 556 2773 si
572 2711 757 2775 naturaliter
773 2713 883 2774 breves
898 2712 1118 2792 producamus,
1129 2721 1167 2773 ut
1182 2720 1291 2773 rosum.
1334 2712 1456 2791 Scripto

156 2830 232 2873 vero
251 2831 345 2890 quem
365 2813 407 2874 ad
427 2813 557 2875 modum
576 2811 632 2874 fit?
672 2810 780 2874 Modis
800 2820 962 2891 quattuor,
982 2811 1015 2875 id
1035 2820 1084 2874 est
1103 2831 1159 2890 per
1178 2811 1385 2874 adiectionem
1405 2811 1457 2874 de-

156 2910 343 2973 tractionem
363 2911 605 2975 inmutationem
627 2910 936 2987 transmutationem
958 2921 991 2972 et
1012 2910 1049 2972 fit
1070 2910 1208 2991 quinque
1228 2911 1331 2987 rebus,
1353 2911 1458 2973 littera

156 3008 276 3090 syllaba
299 3020 431 3073 accentu
453 3022 593 3092 tempore
615 3010 835 3092 adspiratione.
876 3013 965 3074 Haec
987 3010 1092 3073 omnia
1113 3020 1173 3073 aut
1194 3011 1373 3074 adiciuntur
1401 3022 1458 3073 aut

156 3110 366 3173 detrahuntur
368 3158 577 3172 .....
622 3108 781 3186 (adicitur)
795 3120 938 3186 accentu,
951 3120 988 3172 ut
1001 3111 1062 3185 tte
1075 3109 1165 3173 aliter
1177 3111 1261 3173 enim
1274 3131 1456 3191 pronomen,

155 3208 246 3272 aliter
267 3210 451 3272 adverbium
472 3210 740 3290 pronuntiandum
761 3221 822 3274 cst:
864 3259 871 3273 .
915 3259 922 3273 .
966 3234 1023 3272 .·.
1067 3208 1270 3287 (detrahitur)
1286 3220 1456 3285 accentus,

156 3311 283 3389 quando
296 3310 429 3372 dicimus
440 3310 560 3383 daiam
571 3312 707 3373 mediam
719 3311 802 3374 euim
816 3310 930 3374 habere
943 3311 1053 3374 debuit
1064 3320 1202 3386 acutam,
1216 3311 1290 3390 quia
1301 3310 1457 3390 positione

156 3408 248 3488 longa
259 3420 316 3472 est.
1249 3430 1254 3443 ·

197 3508 322 3571 Servius
336 3509 443 3572 defin.
457 3530 488 3589 p.
503 3510 572 3586 451,
587 3512 607 3572 9
621 3512 662 3572 K.

155 3608 282 3671 Medias
305 3607 442 3688 syllabas
465 3609 567 3671 tribus
590 3610 691 3672 modis
715 3609 938 3689 cognoscimus,
963 3609 1117 3691 positione
1141 3620 1174 3673 et
1198 3609 1401 3690 diphthongis
1425 3620 1457 3672 et

155 3717 297 3771 accentu.
340 3709 401 3771 Sed
424 3709 465 3771 de
487 3709 642 3789 positione
659 3718 693 3771 et
708 3709 912 3790 diphthongis
929 3729 1024 3790 supra
1041 3710 1257 3772 tractavimus.
1299 3712 1456 3773 Accentus

154 3816 263 3870 autem
273 3817 322 3870 est
332 3808 422 3888 quasi
431 3809 586 3871 adcantus
595 3809 708 3885 dictus,
719 3811 804 3888 quod
814 3810 855 3872 ad
872 3809 1062 3872 cantilenam
1077 3810 1164 3872 vocis
1179 3830 1237 3871 nos
1252 3809 1330 3873 lacit
1345 3829 1456 3889 agnos-

155 3927 224 3970 cere
235 3907 380 3987 syllabas.
421 3908 483 3986 Qui
492 3908 579 3970 vocis
588 3918 736 3971 accentus
745 3910 809 3971 duo
820 3919 894 3971 sunt
904 3910 1085 3988 adeaquae
1096 3918 1269 3972 tractamus
1283 3909 1456 3986 necessarii,

154 4016 316 4086 correptus
344 4017 377 4070 et
404 4008 586 4088 productus.
628 4009 799 4088 Correptus
826 4021 885 4085 est,
914 4009 1060 4088 quotiens
1087 4009 1154 4071 sine
1183 4008 1246 4072 ulla
1274 4028 1362 4072 mora
1370 4009 1457 4070 vocis

154 4106 274 4168 medias
296 4105 432 4186 syllabas
453 4108 663 4184 enuntiamus,
687 4118 723 4169 ut
743 4109 862 4170 momio
883 4109 994 4171 tabula
1034 4108 1210 4170 Productus
1231 4118 1289 4185 est,
1312 4109 1457 4188 quotiens

154 4205 274 4268 medias
294 4206 431 4286 syllabas
451 4227 522 4269 curn
543 4207 649 4287 aliqua
669 4227 758 4269 mora
779 4207 865 4269 vocis
891 4208 1101 4288 exprimimus,
1124 4217 1161 4270 ut
1181 4210 1308 4288 soricina
1334 4212 1455 4271 nutare.

156 4305 323 4368 Sciendum
340 4315 523 4382 esttamen,
541 4307 614 4386 quia
631 4307 683 4370 illa
701 4327 782 4385 quae
797 4308 830 4368 in
847 4307 952 4370 verbis
966 4309 981 4368 i
997 4317 1139 4387 correpta
1156 4308 1366 4387 proferuntur,
1384 4328 1456 4370 curn

154 4405 188 4466 in
204 4405 341 4467 medium
358 4406 500 4469 venerint
516 4416 549 4469 et
564 4406 664 4486 ipsam
680 4408 694 4467 i
709 4407 741 4468 in
758 4428 773 4468 e
787 4408 992 4483 mutaverint,
1008 4416 1045 4469 ut
1060 4408 1133 4486 legis
1147 4409 1208 4487 lege
1222 4410 1323 4487 legere,
1340 4407 1456 4487 ubique

154 4503 350 4581 breviantur;
376 4515 506 4585 excepto
525 4526 635 4568 cuma
655 4507 756 4569 tribus
770 4506 968 4586 excipiuntur
982 4507 1226 4569 consonantibus
1245 4509 1262 4570 b
1281 4517 1314 4570 et
1331 4528 1362 4569 m
1382 4518 1415 4569 et
1434 4517 1454 4581 t,

155 4614 193 4666 ut
216 4605 344 4683 legebam
368 4606 496 4684 legimus
520 4607 638 4685 legetur.
681 4606 793 4669 Cetera
818 4606 928 4668 melius
952 4606 1133 4668 accentibus
1157 4606 1353 4686 colliguntur.
1394 4607 1455 4685 Qui

154 4712 303 4766 accentus
322 4704 355 4765 in
377 4703 545 4784 trisyllabis
565 4715 598 4767 et
619 4704 829 4785 tetrasyllabis
850 4715 883 4768 et
902 4705 1048 4786 deinceps
1068 4705 1114 4767 ita
1134 4706 1376 4770 considerandus
1396 4717 1455 4783 est,

157 4812 193 4864 ut
205 4802 232 4863 si
245 4811 413 4882 quaeratur
425 4805 677 4867 amicissimorum
690 4806 804 4883 quibus
817 4804 944 4884 syllabis
956 4815 1088 4881 constet,
1108 4815 1141 4868 et
1165 4805 1297 4868 dicimus
1321 4806 1455 4886 primam

154 4901 281 4964 brevem
295 4903 446 4983 exemplo,
458 4913 496 4965 ut
509 4903 649 4965 ‘nimium
662 4904 769 4967 dilexit
781 4905 941 4979 amicum';
954 4906 1122 4968 secundam
1136 4924 1206 4967 curn
1219 4905 1311 4985 longo
1323 4915 1454 4968 accentu
